2912 4976
615 419 801 534 Q-

148 627 199 682 iter
228 625 431 699 suscipiendum
458 641 488 682 se
515 625 679 700 accingens,
713 627 828 700 quisque
850 625 964 699 primunr
986 627 1020 684 de
1042 627 1202 685 diversoriis
1232 633 1260 680 et

149 731 320 804 cauponibus
341 729 522 803 cogitaverim
555 731 604 788 sed
625 732 672 788 ubi
693 738 767 789 tants
789 748 942 806 cauponum
963 732 990 788 in
1012 732 1178 790 divertentes
1199 747 1260 786 esse

148 841 246 908 potest
270 833 419 908 potestus?
448 835 514 908 quid
539 842 632 892 sectue
659 837 702 901 (v.
734 828 832 902 1583)
860 835 944 892 certia
970 834 1091 892 moribus
1118 834 1261 892 distinctae

149 939 184 996 ad
207 953 350 1012 cauponas
374 938 508 996 eiusmodi
530 945 558 995 et
579 939 742 998 diverticula
762 939 923 1014 pertinenti
966 940 1095 1011 Cogitavi
1120 939 1155 996 de
1182 939 1260 996 clau-

149 1045 213 1102 stris
236 1044 296 1100 sive
317 1043 501 1115 monasteriis,
524 1043 559 1100 ad
581 1059 652 1117 qnua
674 1044 708 1102 ab
730 1045 791 1102 sula
813 1047 953 1117 relegatus
974 1061 1005 1100 se
1026 1043 1189 1118 recepissem
1211 1042 1260 1099 sed

148 1165 220 1222 quae
252 1148 450 1205 monachorum
482 1152 558 1204 secta
590 1149 636 1214 (v.
665 1141 764 1215 1565)
796 1149 841 1205 vel
875 1147 947 1204 ordo
974 1149 1091 1205 clericos
1118 1147 1260 1221 aspernari

148 1251 284 1326 poterat?
326 1251 413 1308 llinus
441 1251 522 1308 etiarn
550 1252 584 1308 de
612 1252 761 1309 anticorum
794 1259 822 1308 et
853 1251 965 1310 divitum
991 1251 1155 1310 liberalitate
1181 1253 1260 1309 locus

148 1355 268 1428 intelligi
296 1361 424 1429 poternt3
452 1355 610 1429 hospitibus
638 1355 708 1412 enirn
736 1355 901 1413 domicilium
929 1362 957 1412 et
982 1357 1084 1413 victum
1110 1357 1260 1414 liberaliter

149 1459 346 1532 praebentibus
374 1459 489 1516 avaritia
522 1465 550 1516 et
581 1458 675 1518 nescio
708 1471 778 1526 (tuuc
810 1460 923 1534 perfidio
955 1460 1040 1534 objici
1071 1477 1126 1518 non
1159 1467 1258 1534 potest.

148 1565 260 1620 Frustra
284 1564 365 1620 etiarn
387 1563 558 1620 reconditum
580 1564 714 1636 quandem
741 1563 870 1622 vocabuli
896 1563 1052 1638 hospitium
1077 1564 1260 1635 significatio-

148 1684 209 1724 nem
240 1668 373 1741 quaesivi.
421 1669 516 1734 ltaque
548 1667 623 1741 quod
654 1668 762 1741 saepius
793 1667 912 1740 legendo
944 1671 972 1726 in
999 1676 1115 1726 urentem
1135 1675 1259 1740 venerat,

149 1771 256 1844 arripui
290 1778 319 1828 et
350 1773 474 1846 quamvis
500 1789 544 1829 me
569 1788 625 1830 non
651 1789 746 1830 ornnes
769 1773 941 1830 difficultates
973 1778 1000 1829 et
1031 1773 1112 1830 dubit
1144 1773 1260 1831 solvisse

147 1878 271 1949 gloriar,
305 1882 396 1934 tumen
426 1877 481 1934 boc
508 1879 597 1949 tenui,
630 1877 749 1953 hospitia
777 1895 838 1934 esse
868 1877 1045 1949 intelligendu
1076 1876 1261 1934 universitatis

149 1981 327 2053 oxoniensis,
350 1983 467 2050 adquae
488 1981 666 2052 diverterent,
689 1981 735 2051 qui
750 1982 788 2040 ibi
804 1982 902 2038 litteris
916 1997 1019 2039 navare
1039 1981 1149 2038 vallent.
1181 1979 1261 2038 Subit

148 2085 258 2159 quidem
295 2086 409 2157 mirari,
446 2086 502 2143 boc
544 2086 610 2145 loco
648 2087 800 2146 studiorum
842 2087 942 2144 nullum
979 2085 1039 2142 deri
1081 2083 1260 2154 mentionem

148 2195 177 2244 st
198 2189 264 2246 lrnic
286 2191 421 2262 poematis
443 2191 515 2265 parti
536 2192 713 2264 propositum
739 2197 801 2247 erat
825 2191 859 2247 de
886 2204 992 2246 morum
1014 2188 1150 2262 pravitate
1172 2189 1260 2261 queri,

149 2293 183 2349 de
205 2293 306 2351 litteris
328 2309 397 2352 vero
416 2294 541 2352 Oxoniue
562 2297 632 2352 mule
654 2296 733 2353 cultis
753 2295 832 2352 initio
849 2295 905 2367 jam
927 2299 1093 2368 conquestus
1114 2297 1181 2349 erut
1212 2294 1259 2362 At,

149 2403 278 2471 opponet
299 2397 412 2469 aliquis,
440 2415 490 2455 cnr
511 2399 628 2456 consilio
650 2400 842 2474 proficiscendi
864 2404 946 2472 capto
969 2398 1060 2470 potius
1081 2397 1116 2452 de
1138 2395 1259 2454 moribus

148 2499 339 2557 studiosorum
361 2507 390 2558 et
415 2501 567 2575 hospitum,
594 2503 668 2576 apud
694 2518 764 2576 quos
790 2503 960 2574 deverterat,
988 2517 1067 2575 quarn
1095 2501 1129 2558 de
1155 2499 1259 2558 itineris

148 2603 282 2676 periculis
312 2603 394 2677 ugit‘l
445 2605 501 2663 Sed
526 2605 656 2663 naturalis
683 2623 773 2663 rerum
800 2605 844 2663 vel
869 2604 1067 2677 cogitationum
1095 2621 1181 2662 nexus
1207 2604 1259 2661 hae

150 2708 280 2766 carminis
302 2713 382 2781 parte
409 2713 549 2766 auctorem
576 2709 612 2766 ud
636 2725 727 2766 rerum
755 2709 939 2767 conditionem
960 2716 1015 2766 turn
1037 2707 1161 2766 Oxoniae
1182 2707 1260 2764 obti-

150 2818 259 2868 nentem
282 2811 365 2868 dueit.
403 2813 575 2870 cancellario
597 2818 716 2886 patrono
737 2829 789 2868 suo
811 2811 954 2872 consilium
980 2811 1095 2885 largitus
1116 2816 1259 2885 postquam

149 2915 333 2988 valedixeret,
356 2915 477 2972 meminit
497 2917 555 2976 eius
576 2917 666 2988 grstia
689 2916 789 2990 ubique
814 2933 845 2972 se
871 2915 932 2972 lore
952 2921 1046 2972 tutum.
1090 2915 1149 2972 lloc
1171 2915 1260 2972 medi-

150 3025 239 3090 tatus,
262 3031 352 3087 neque
374 3036 405 3076 se
425 3036 538 3093 usquam
560 3019 647 3077 minus
669 3025 754 3076 tutum
777 3035 837 3075 esse
859 3034 937 3092 quarn
959 3017 1100 3090 oxoniae,
1121 3018 1169 3076 ubi
1190 3034 1261 3076 nune

153 3129 297 3194 versetur,
325 3122 468 3180 consilinm
496 3123 570 3196 capit
594 3122 788 3198 proficiscendi
814 3121 950 3194 cantiam,
977 3133 1032 3190 quo
1059 3137 1074 3179 a
1101 3122 1259 3180 Theobaldo

152 3226 283 3283 invitatus
306 3233 374 3283 erut.
415 3226 475 3294 Quo
498 3228 526 3284 in
548 3227 665 3286 consilio
687 3232 717 3283 ut
737 3242 767 3282 se
788 3226 908 3283 drmaret
929 3241 944 3281 a
966 3243 992 3281 v.
1016 3217 1097 3282 1533
1119 3225 1260 3299 usquead

153 3348 179 3386 v.
207 3324 300 3401 1596,
325 3346 395 3403 qnae
416 3331 590 3388 incommode
609 3330 733 3388 0xoniae
754 3328 806 3387 sibi
827 3329 954 3403 patienda
976 3329 1029 3386 sint
1049 3336 1086 3402 et,
1107 3331 1263 3404 praeceptis

154 3434 318 3501 quibusdam
339 3435 461 3507 insertis,
483 3448 538 3502 qno
556 3435 639 3493 modo
657 3433 811 3507 hospitibus
833 3432 1019 3505 abutendum,
1044 3427 1261 3506 1597-1624,

153 3537 251 3609 quibus
273 3537 357 3594 rebus
379 3537 415 3594 ad
436 3537 489 3596 iter
510 3537 700 3595 instituendum
718 3536 770 3594 sibi
784 3554 855 3610 opus
871 3536 916 3608 sit,
938 3537 1083 3611 perpendit
1097 3555 1124 3596 v.
1140 3532 1257 3596 1625-

155 3633 246 3696 1634.
294 3641 398 3697 Deinde
420 3642 536 3699 consilio
558 3642 677 3716 repetito
700 3641 871 3698 cantuariam
892 3640 1037 3713 redeundi,
1064 3641 1161 3709 quibus
1183 3659 1262 3700 corn-

152 3741 256 3813 rnodis,
276 3759 392 3815 quorum
407 3743 530 3802 virorum
548 3745 675 3802 doctrina
697 3750 725 3801 et
746 3745 875 3802 comitate
896 3744 1043 3818 insignium
1065 3744 1262 3804 consuetudine

151 3846 189 3902 ibi
210 3845 350 3903 fructurus
372 3847 422 3918 sit,
455 3847 631 3904 adumbratur
659 3865 685 3905 v.
715 3839 939 3906 1635-1682.
994 3849 1049 3908 Sed
1074 3857 1262 3924 nequetaeeb

152 3949 190 4006 ibi
207 3965 320 4023 quoque
336 3964 439 4024 pravos
456 3967 517 4008 esse
533 3951 673 4025 homines,
696 3970 711 4009 a
727 3951 824 4021 quibus
840 3953 990 4035 cavendum
1006 3970 1032 4011 v.
1046 3947 1262 4015 1683-1752.

235 4053 265 4110 Si
297 4053 358 4126 quis
392 4053 564 4112 nibilominus
591 4054 712 4128 dubitet,
744 4072 778 4114 un
805 4057 989 4116 universitatis
1016 4057 1181 4119 Oxouiensis
1206 4061 1263 4118 bo·

151 4156 246 4230 rspitia
278 4156 455 4230 intelligenda
487 4159 553 4229 sint,
585 4158 667 4217 etiem
691 4159 761 4218 baec
787 4159 866 4220 velim
892 4162 1051 4236 perpendet.
1098 4165 1265 4226 lliverlieula
