2924 4974
693 441 740 516 vl

621 545 802 552 amam·-

167 641 294 702 honerta
326 646 356 701 et
387 646 418 702 te
449 639 556 703 laisum
589 639 721 722 legatum
743 639 857 704 domini
884 655 983 721 papae
1008 639 1039 700 in
1065 637 1112 700 his
1133 636 1268 719 partibus

167 742 331 824 gessisse!
374 742 417 805 llli
428 743 566 822 rescribit
577 744 686 808 eodem
697 743 773 821 lere,
791 743 960 821 utvidetur,
972 747 1109 823 tempore
1126 759 1174 823 ep.
1192 739 1267 802 115:

167 847 348 928 ,Postquam
365 847 402 909 ab
419 846 549 910 ecclesia
565 847 700 912 Romana
717 865 861 912 reversus
882 867 959 925 sum,
980 852 1077 909 tantas
1099 844 1268 908 acerbitatis

169 969 245 1014 suae
267 949 421 1013 molestias
442 950 474 1012 in
495 968 544 1013 me
564 949 685 1014 lortuna
707 954 872 1034 congessit,
894 957 927 1015 ut
947 951 1012 1015 lere
1033 949 1106 1012 nibil
1129 947 1269 1011 adversi-

167 1056 233 1117 tatis
256 1055 422 1118 existimem
444 1071 541 1118 meam
563 1057 690 1120 animam
711 1057 901 1139 praetulisse.
923 1055 1071 1118 Miramini
1093 1053 1218 1116 forsitan
1240 1055 1270 1112 et

168 1160 391 1242 obstupescitis,
413 1160 485 1242 quid
507 1177 555 1223 me
575 1165 735 1244 tantopere
756 1161 888 1244 potuerit
909 1159 1095 1242 perturbare.
1139 1155 1223 1218 llaec
1239 1155 1269 1216 in

168 1281 242 1326 aure
263 1269 363 1326 vestra
384 1266 490 1347 paucis
513 1264 655 1346 aperiam.
699 1264 891 1328 Serenissimi
906 1263 1044 1338 Domini,
1071 1259 1269 1342 potentissimi

169 1367 281 1429 domini
297 1368 396 1449 regis,
423 1367 610 1430 invictissimi
628 1368 773 1450 principis
795 1367 890 1431 nostri
911 1371 974 1429 tota
996 1367 1026 1428 in
1048 1383 1096 1426 me
1118 1361 1272 1427 incanduit

168 1469 343 1552 indignatio.
395 1471 427 1534 Si
459 1489 581 1534 eausam
613 1473 771 1552 quaeritis,
805 1473 833 1535 ei
860 1469 939 1535 sorte
971 1470 1039 1552 plus
1068 1471 1151 1552 justo
1182 1466 1270 1530 1111.α

169 1573 298 1636 Causam
319 1576 383 1636 ime
403 1573 453 1636 vel
475 1579 629 1637 auctorem
651 1574 825 1638 Alexandro
848 1577 964 1638 nuntiat
983 1573 1040 1656 Ep.
1055 1573 1127 1636 108:
1171 1571 1270 1653 ,Epi-

168 1695 265 1761 soopo
278 1678 471 1756 Lexoviensi,
488 1695 556 1740 cum
568 1677 772 1742 Excellentiae
783 1685 904 1743 vestrae
914 1679 1012 1742 visum
1023 1677 1122 1754 inerit,
1145 1675 1269 1757 gratiam

168 1781 342 1864 rependetis
368 1799 426 1864 pro
459 1799 513 1858 eo,
547 1781 630 1862 quod
656 1784 687 1844 in
714 1801 763 1845 me
791 1800 912 1847 servum
932 1788 1065 1845 uestrum
1087 1779 1270 1844 serenissimi

170 1885 283 1947 domini
304 1885 387 1965 regis
410 1890 520 1946 tautam
533 1884 675 1947 oonilavit
685 1884 933 1968 indignationem,
955 1891 988 1950 ut
997 1886 1109 1948 morari
1120 1885 1151 1946 in
1161 1881 1271 1965 Anglia

170 1989 239 2051 milri
262 1993 356 2052 tutum
379 1988 516 2064 nonsit,
543 1994 574 2050 et
594 1989 679 2052 exire
705 1995 756 2052 aut
781 1989 967 2072 impossibile
989 1991 1036 2069 sit,
1059 1994 1109 2052 aut
1130 1987 1271 2051 (1111111111-

169 2093 277 2156 mum.“
321 2090 385 2168 (Oi.
407 2090 463 2172 Ep.
489 2089 557 2154 121.
580 2110 610 2173 p.
633 2093 721 2168 118).
765 2093 822 2176 Ep.
847 2094 905 2157 115
928 2095 1016 2157 Petro
1036 2091 1166 2156 Cellensi
1188 2109 1271 2154 nun·

170 2198 308 2258 tiaverat:
341 2194 443 2274 ,lulra
471 2193 620 2257 Calendas
640 2195 799 2260 lanuarias
827 2196 1005 2273 (11160)
1032 2213 1081 2258 me
1103 2197 1215 2278 opinor
1235 2195 1271 2256 ab

170 2299 280 2382 Anglia
302 2299 479 2377 exiturum,“
506 2297 562 2362 sed
588 2299 688 2362 eidem
715 2307 786 2383 post
813 2299 964 2364 Calendas
990 2301 1148 2363 lanuarias
1170 2298 1273 2362 scribit

169 2404 224 2486 Ep.
239 2402 290 2480 96,
312 2420 347 2466 se
368 2402 508 2485 Angliam
530 2419 593 2466 nou
613 2403 775 2485 reliquisse
796 2411 969 2487 sperantem
991 2402 1068 2481 iore,
1091 2404 1174 2468 utin
1196 2419 1271 2485 gra-

169 2510 239 2571 tiam
261 2507 344 2588 regis
365 2509 588 2584 restitueretur,
609 2507 877 2571 interuenientibus
899 2507 1074 2570 'theobaldo
1103 2507 1272 2588 archiepis-

171 2627 251 2694 copo
273 2615 304 2673 et
324 2609 453 2686 lboma,
486 2609 524 2673 ad
557 2627 647 2691 quem
676 2611 715 2674 de
743 2612 800 2674 trac
821 2629 856 2675 re
878 2613 1042 2693 scripserat
1063 2610 1220 2692 epistolam
1242 2611 1271 2671 in

171 2715 351 2778 collectione
368 2714 720 2777 centesimamdecimam
741 2717 858 2778 tertiam
878 2713 957 2778 blax.
979 2713 1054 2776 Bibl.
1077 2715 1155 2776 Patr.
1177 2712 1274 2775 XXlll

171 2838 200 2901 p.
214 2817 285 2894 116,
308 2816 513 2893 (emendatius
531 2817 641 2880 editam
663 2818 917 2900 apud'Bouquet,
940 2818 1066 2881 lleoueil
1088 2817 1142 2880 des
1165 2817 1272 2880 ilisto-

171 2924 252 2988 riens
275 2919 330 2984 des
353 2919 463 2983 Gaules
495 2926 526 2983 et
558 2919 596 2982 de
628 2921 656 2983 la
677 2920 808 3000 France,
840 2921 1069 3003 nunptios,
1102 2921 1152 2985 ubi
1185 2921 1272 2982 etiam

171 3026 290 3108 paginis
319 3022 564 3086 antecedentibus
597 3024 742 3104 epistolae
765 3023 802 3087 dd
824 3024 1044 3102 Alexandrum,
1077 3024 1272 3105 sequentibus

172 3130 240 3192 illae
263 3127 301 3191 ad
323 3129 443 3190 Petrum
458 3124 629 3188 Cellensem
650 3128 761 3190 missae
782 3127 942 3209 leguntur)
964 3129 1013 3190 cui
1035 3129 1124 3190 etiam
1145 3125 1272 3209 perJo-

173 3235 303 3297 hannem
324 3229 480 3294 Emulium
501 3248 566 3293 rem
587 3249 673 3294 suam
696 3231 967 3295 commendaverat.
1012 3230 1057 3294 Gi.
1079 3232 1136 3314 Ep.
1163 3231 1230 3292 112.

255 3335 425 3398 iohannem
446 3339 582 3396 nostrum
605 3334 713 3398 alicubi
735 3333 885 3418 refugium
911 3336 968 3398 sibi
989 3353 1126 3418 parasse,
1148 3335 1199 3398 ubi
1221 3335 1273 3398 lit-

173 3448 254 3502 teras
266 3439 391 3516 coleret,
413 3439 481 3520 ejus
492 3435 696 3518 Metalcpicua
706 3438 797 3501 docet
818 3439 877 3502 hoo
899 3441 968 3522 ipso
985 3439 1271 3522 temporescriptus.

174 3543 281 3607 Ultimo
303 3543 383 3604 enim
405 3540 472 3604 libri
493 3542 591 3622 quarti
612 3543 711 3624 capite
732 3541 841 3620 refert,
863 3561 970 3625 pacem
991 3545 1069 3606 inter
1090 3561 1183 3625 reges
1204 3541 1273 3604 An-

175 3647 255 3730 gliae
276 3646 463 3710 etFranoiae
484 3645 618 3708 nondum
640 3663 710 3708 esse
733 3648 940 3730 compositam,
963 3647 1150 3710 cumlibrum
1166 3645 1272 3708 liniret.

174 3753 246 3828 Pax,
269 3751 354 3833 cujus
376 3748 566 3812 conditiones
588 3755 706 3812 exstant
727 3751 808 3832 apud
829 3751 969 3832 Bouquet
988 3751 1057 3814 XVI
1078 3771 1107 3834 p.
1132 3751 1182 3830 21,
1204 3754 1275 3832 post

175 3855 306 3917 Tolosae
328 3852 516 3918 obsidionem
537 3869 642 3915 mense
662 3851 741 3916 bloio
765 3871 791 3916 1.
816 3854 895 3917 1160
916 3862 963 3918 est
984 3858 1162 3937 composita.
1206 3853 1274 3916 Ab·

100 4039 102 4042 Ι
175 3958 292 4022 solutus
313 3958 405 4040 igitur
425 3962 472 4019 'est
487 3956 686 4038 Metalogious
697 3957 782 4020 initio
798 3958 887 4041 hujus
910 3960 989 4037 anni,
1010 3963 1044 4022 ut
1065 3961 1132 4042 ipse
1153 3958 1274 4022 Jchan-

176 4081 231 4125 nes
253 4061 347 4125 reiert
367 4061 422 4123 sub
445 4060 535 4123 linem
558 4061 678 4143 operis,
709 4061 885 4126 'lheobaldo
914 4064 977 4144 jam
1005 4069 1201 4146 aegrotante,
1224 4063 1273 4142 qui

177 4173 311 4229 mortuus
323 4171 371 4227 est
382 4183 407 4226 a.
423 4164 510 4228 1161.
545 4164 672 4248 Scripsit
682 4173 820 4246 quartum
831 4166 939 4230 librum
950 4167 1106 4230 lohannes
1118 4169 1196 4230 inter
1209 4168 1276 4248 ipsa
