2912 4976
521 441 527 453 ’
622 499 821 610 ΔΞ...

168 699 319 756 lavernam
340 701 444 773 colunt,
466 701 573 769 (horon
595 703 630 763 ad
647 703 713 762 llor.
736 705 788 778 llp.
811 705 833 776 l,
860 697 906 776 16,
929 697 983 770 60)
1005 701 1149 776 lugiendos
1171 709 1271 760 monet.

168 803 264 875 ltaque
286 805 451 878 pauperibus
478 812 506 862 et
526 807 681 879 peregrinis
703 809 840 882 magistris
852 808 956 878 suadet,
979 813 1008 863 ut
1024 823 1102 880 quam
1125 807 1273 863 modestis-

167 907 234 962 sime
257 925 287 964 se
304 915 402 979 gerant
423 915 450 966 et
471 910 613 968 moderate
627 928 678 970 nec
699 911 866 970 luxuriosius
877 913 971 969 vivant
992 917 1019 966 et
1031 911 1141 967 omnino
1154 911 1273 984 optimos

168 1017 281 1066 servani
303 1029 403 1069 mores.

253 1115 356 1172 Stultus
379 1116 440 1172 dum
462 1116 642 1190 vituperatur,
664 1117 739 1192 quod
761 1121 787 1176 in
809 1120 925 1192 proprio
947 1117 1108 1192 percussit,
1131 1133 1163 1172 en
1182 1117 1272 1172 alieno

167 1218 315 1290 prodigus,
339 1237 398 1276 cum
420 1221 542 1278 Chaerea
565 1229 754 1295 comparatur,
777 1222 852 1296 quod
873 1221 1043 1279 liberalitatis
1064 1221 1144 1277 laude
1171 1227 1273 1290 carcat,

168 1338 248 1393 quam
261 1328 360 1396 captat.
405 1323 526 1381 Chaerea
548 1341 616 1382 vero
629 1325 805 1382 Terentianus
827 1325 872 1381 ille
894 1331 944 1396 est,
966 1325 1012 1398 qui
1034 1341 1115 1382 servo
1138 1325 1274 1394 gloriatur

167 1425 236 1481 Eun.
260 1425 293 1481 ll.
316 1419 344 1481 3.
373 1419 424 1482 17:

169 1529 251 1598 „Cum
273 1527 300 1584 in
323 1531 446 1587 cellulam
467 1531 501 1586 ad
519 1537 545 1588 le
567 1531 878 1604 patrispermmomnem
901 1531 1085 1602 congerebam
1098 1531 1272 1588 clanculum.“

252 1632 318 1688 Cum
340 1635 460 1692 aularum
482 1641 510 1690 et
531 1635 732 1706 magistrorum,
755 1633 801 1706 qni
812 1651 858 1690 eas
869 1634 1015 1704 habebant,
1038 1641 1066 1690 et
1087 1636 1273 1705 certaminum,

167 1751 237 1808 quaa
258 1736 330 1793 inter
351 1753 401 1794 ens
422 1743 510 1809 arunt,
537 1737 637 1794 mantio
660 1739 716 1809 ilat,
740 1737 888 1794 mirandum
917 1739 1050 1808 fortasse,
1078 1740 1153 1810 quod
1180 1737 1273 1794 natio-

167 1857 240 1912 num,
262 1840 289 1896 in
311 1857 377 1912 quas
399 1840 576 1897 discedebant
592 1842 742 1898 litterarum
765 1840 890 1912 studiosi,
912 1843 1055 1898 discrimen
1078 1847 1106 1898 ct
1127 1841 1273 1897 simultates

168 1959 223 1999 non
252 1945 421 2000 memoravit
470 1943 526 2001 Sed
552 1944 603 2000 etsi
630 1943 737 2000 Parisiis
760 1943 816 2014 jam
838 1943 957 2000 ilenrico
978 1943 1003 1999 ll
1025 1951 1157 2014 regnante
1184 1945 1274 2015 magi·

168 2053 287 2102 strorum
309 2047 442 2104 lectiones
464 2048 601 2104 nationum
624 2045 870 2104 nominibuslnisse
893 2047 1033 2103 distinctas
1056 2053 1163 2104 constat
1190 2048 1273 2114 (hlei-

167 2167 230 2206 nars
252 2151 348 2207 Gesch.
370 2152 419 2207 der
440 2150 520 2208 Univ.
542 2151 565 2222 l,
587 2168 613 2223 p.
636 2143 700 2221 31),
723 2148 848 2206 Oxoniae
870 2149 981 2205 similem
1002 2151 1185 2206 universitatis
1202 2168 1273 2207 con-

167 2255 298 2311 ditionem
324 2255 421 2326 luisse,
448 2255 629 2311 testimonium
658 2253 870 2326 antiquissimum
897 2253 991 2309 seculo
1018 2254 1076 2309 lere
1102 2260 1167 2326 post
1189 2271 1273 2326 repe-

167 2359 236 2414 ritur
253 2357 326 2431 apud
340 2358 436 2415 Wood
452 2375 476 2416 a.
495 2351 584 2414 1282.
597 2357 618 2429 Ι,
642 2364 669 2412 et
685 2357 757 2430 apud
769 2357 859 2413 llubar
871 2357 893 2429 l,
918 2349 986 2427 141,
1009 2373 1168 2429 quamquam
1181 2365 1273 2414 sectae

166 2461 240 2532 illae,
263 2477 333 2533 qnae
354 2463 398 2519 hic
419 2481 446 2520 v.
471 2457 551 2521 1584
573 2465 671 2536 sapius
693 2465 745 2521 alia
767 2463 847 2520 aliam
867 2463 962 2518 videre
984 2463 1127 2534 dicuntur,
1151 2466 1273 2521 arctiore

167 2565 284 2636 quodam
308 2563 418 2622 vinculo
447 2567 607 2638 conjunctae
635 2567 769 2622 eiusmodi
795 2565 954 2622 societatem
981 2567 1091 2622 efficere
1117 2573 1272 2639 potnerunt.

250 2667 313 2723 lura
335 2668 414 2724 etiam
437 2669 532 2741 aliquis
554 2677 678 2742 quaerat,
700 2670 838 2742 quomodo
861 2670 959 2726 lactum
982 2669 1031 2740 sit,
1054 2676 1098 2741 ut,
1121 2669 1144 2725 si
1170 2677 1271 2727 sectam

168 2777 244 2827 recte
265 2771 299 2826 de
321 2771 459 2842 magistris
480 2773 673 2845 interpretatus
695 2773 760 2843 sim,
789 2773 954 2828 scholarium
976 2773 1049 2828 nulla
1071 2773 1141 2829 ratio
1169 2775 1274 2830 habea-

168 2881 221 2930 tur.
269 2874 324 2930 Sed
356 2874 379 2930 si
410 2875 604 2946 perpenderis,
638 2892 707 2948 quae
738 2875 792 2947 jam
824 2875 1034 2948 disputavimus,
1071 2875 1179 2932 dubium
1214 2894 1274 2932 esse

168 2994 223 3034 non
245 2984 353 3050 potest,
375 2979 457 3033 sectis
479 2977 560 3034 etiam
582 2978 724 3035 scholares
747 2977 895 3048 contineri,
923 2995 993 3048 cum,
1015 2985 1045 3034 nt
1067 2979 1188 3050 Parisiis,
1217 2995 1273 3035 non

169 3083 269 3153 primas
291 3088 384 3153 partes
406 3087 530 3152 agerent,
552 3082 601 3138 sed
623 3082 817 3152 magistrorum
839 3081 949 3137 ordines
971 3088 1158 3154 sequerentur.
1193 3083 1274 3148 Quod

169 3185 285 3257 denique
308 3185 343 3242 ad
370 3183 482 3240 clientes
504 3185 612 3255 attinet,
641 3184 732 3240 lamuli
752 3190 815 3240 sunt
836 3184 1021 3256 intelligendi,
1043 3201 1158 3256 quorum
1181 3184 1226 3257 qui
1247 3202 1272 3240 a.

172 3283 251 3344 1546
273 3294 449 3358 memoratur,
472 3289 621 3344 communis
643 3287 756 3360 hospitii
776 3287 901 3358 famulus,
924 3286 970 3360 qui
981 3305 1007 3343 v.
1028 3281 1107 3344 1604
1130 3294 1158 3343 et
1182 3283 1273 3358 1627,

169 3392 276 3448 auctori
298 3389 426 3463 proprius
448 3392 559 3447 videtur
580 3391 671 3449 luisse.
703 3390 744 3446 Cl.
767 3389 858 3446 lluber
879 3390 902 3461 l,
923 3407 951 3463 p.
976 3384 1042 3446 110.
1065 3385 1135 3447 225.
1158 3384 1230 3447 233.

252 3495 313 3550 Non
348 3511 390 3550 me
423 3494 507 3566 fugit,
540 3499 609 3567 quot
635 3499 805 3566 quantaeque
831 3493 970 3565 supersint
996 3493 1165 3550 difficultates
1193 3497 1272 3549 etiam

169 3597 329 3669 solvendae,
351 3615 411 3653 oum
434 3598 594 3671 praesertim
616 3597 679 3653 inde
700 3614 716 3652 a
737 3613 820 3653 versu
844 3591 923 3653 1625
946 3603 1039 3668 aperte
1062 3597 1095 3652 dc
1117 3597 1215 3654 itinere
1237 3599 1273 3654 sit

170 3718 269 3759 sermo.
312 3701 407 3772 Itaque
429 3701 520 3757 celare
540 3702 617 3770 nolo,
639 3699 793 3756 Herbstium
815 3700 1032 3773 interpretationi
1046 3717 1121 3756 meae
1134 3717 1194 3756 esse
1217 3703 1271 3758 ad-

170 3810 307 3861 versatum
329 3810 413 3860 totam
435 3804 505 3860 hanc
528 3801 653 3859 carminis
675 3807 778 3876 partem
801 3803 835 3859 de
857 3803 954 3859 itinere
975 3803 1148 3876 suscipiendo
1170 3805 1273 3861 intelli·

171 3913 289 3980 gentem.
336 3906 450 3963 Diversa
478 3905 547 3961 enim
574 3905 668 3962 statuit
700 3905 799 3978 respici
826 3905 945 3979 hospitia
973 3905 1030 3962 siva
1057 3907 1218 3965 deversoria
1245 3915 1273 3965 et

171 4011 309 4083 hospitum
336 4010 508 4083 publicorum
536 4015 564 4064 et
585 4008 753 4081 privatorum
776 4015 803 4064 at
824 4008 885 4082 piae
912 4008 1090 4082 hospitalitati
1112 4019 1271 4068 consecrata

172 4114 383 4184 (xenodochia),
405 4113 559 4170 nominibus
581 4129 649 4169 vero
671 4112 792 4184 propriis
815 4129 869 4169 non
891 4119 979 4168 certas
1001 4113 1150 4184 significari
1170 4131 1273 4186 perso-

173 4236 236 4290 nas,
270 4218 318 4274 sed
346 4217 480 4290 hospitum
507 4233 624 4289 genera,
659 4232 728 4288 qnae
755 4216 833 4272 etiam
862 4223 952 4273 sectae
979 4224 1212 4289 nuncrnparentur‚
1245 4221 1271 4275 in
