2912 4976
616 494 817 608 „ffl-

315 700 444 773 hppellat
464 699 553 772 rigida
575 702 659 758 tristis
681 717 723 758 me
745 717 816 759 voce
837 701 992 760 Secundus:

363 803 463 877 Audis,
485 804 534 862 aed
555 805 654 875 naeu,
674 805 824 876 bacchara,
845 803 910 878 qnid
930 803 966 860 sit
986 821 1065 877 opus.

314 907 411 964 Pensio
434 915 462 965 te
483 924 577 966 coram
598 909 700 982 petitur
722 911 850 984 clareque
871 909 1025 984 palamque,

363 1011 460 1083 Audis,
482 1011 532 1068 sed
553 1011 652 1084 neseis,
673 1013 822 1085 Bacchara,
844 1011 909 1086 quid
929 1011 965 1068 sit
985 1027 1064 1085 opus

247 1114 315 1196 Davi
326 1131 424 1170 nomen
435 1131 470 1170 ex
482 1116 625 1172 comoedia
637 1115 702 1172 satis
713 1123 807 1174 notum
823 1115 903 1172 etia·
918 1115 1011 1171 Persio
1029 1113 1085 1172 Sat.
1097 1113 1134 1185 V,
1153 1105 1213 1168 168
1234 1112 1269 1167 de

162 1215 271 1272 homine
282 1222 372 1274 aslnto
385 1224 412 1274 et
419 1218 537 1276 ridiculo
549 1219 685 1288 usitatum3
696 1235 776 1292 quera
792 1219 836 1275 hic
852 1217 998 1290 significet,
1016 1233 1072 1276 non
1088 1215 1175 1288 magia
1195 1215 1268 1272 eidci

160 1325 263 1392 potest,
276 1337 355 1393 quam
367 1321 413 1394 qui
424 1321 474 1378 sub
486 1323 608 1395 Sergioli
623 1323 733 1380 nomine
750 1324 842 1380 lateat.
862 1321 945 1396 Apud
955 1320 1114 1378 iuvenalem
1124 1319 1173 1391 vt,
1192 1313 1266 1375 105:

406 1425 487 1496 ,Nam
508 1424 652 1496 Sergiolus
668 1425 725 1497 jam
746 1425 845 1482 radere
867 1429 962 1497 gutlur

315 1527 469 1602 „Coeperat
489 1535 517 1583 et
538 1533 616 1584 secto
639 1529 757 1602 requiem
780 1543 894 1602 sperare
914 1529 1019 1584 lacerto
1027 1523 1051 1598 ;“

162 1629 307 1701 Sergiolus
329 1631 481 1704 appellatur
502 1631 641 1703 gladiator
658 1632 781 1705 Sergius,
803 1632 849 1705 qui
869 1631 982 1688 barbam
1003 1631 1102 1688 radere
1119 1629 1175 1701 jam
1197 1645 1268 1684 coe-

161 1739 257 1805 perat,
290 1734 408 1808 ideoque
433 1733 477 1792 vir
504 1734 591 1792 lactus
618 1735 698 1790 etiarn
726 1734 835 1808 juvenis
861 1734 950 1792 videri
970 1733 1097 1804 volebat,
1129 1733 1269 1788 ethead

160 1835 241 1891 ludos
263 1835 377 1909 amplius
399 1836 523 1893 adhiberi
543 1843 654 1909 posset,
680 1838 777 1894 lacerti
798 1852 899 1894 nervos
926 1843 1110 1910 persecuerat
1151 1834 1269 1892 Amabat

162 1955 223 1994 eum
245 1941 382 1996 senatoris
393 1957 467 1998 vxor
488 1943 586 1999 marito
609 1943 752 2000 derelicto.
794 1943 845 1999 llic
866 1958 992 1998 scaevam
1012 1941 1173 2014 promittere
1195 1940 1267 1996 dici-

161 2049 205 2099 tur
215 2043 232 2099 i.
245 2059 269 2099 e.
292 2045 436 2116 augurium
457 2046 539 2119 idque
560 2047 667 2103 malum.
696 2043 899 2116 “Scaevares‚“
920 2044 1114 2118 inquitl’aulns
1136 2043 1265 2102 deVerb.

111 2178 120 2190 ·
161 2147 231 2218 sign.
255 2165 277 2203 s.
299 2148 326 2203 h.
349 2166 375 2204 v.
400 2149 514 2220 ,dicitur
536 2151 620 2220 mala,
642 2153 751 2208 casatos
771 2149 842 2206 cuim
859 2148 963 2204 Graece
984 2146 1121 2204 sinistrum
1141 2143 1266 2206 dicitur.“

161 2251 290 2307 Fortasse
316 2258 415 2309 auctor
440 2251 518 2309 simul
544 2252 667 2326 respexit
694 2253 808 2309 adrem
830 2251 1008 2324 turpiculam,
1035 2267 1105 2324 quae
1126 2251 1218 2325 pueris
1239 2249 1267 2306 in

163 2355 237 2412 collo
265 2371 395 2429 suspensa
422 2356 549 2412 scaevula
576 2356 775 2428 appellabatur.
817 2355 908 2412 Varro
933 2354 1010 2426 ling.
1038 2355 1094 2410 hat.
1121 2355 1187 2425 Vll,
1213 2348 1264 2412 97.

162 2459 250 2516 Homo
272 2458 358 2530 igitur
379 2459 435 2532 ille,
457 2459 504 2532 qui
524 2459 718 2531 impudicitiam
740 2458 997 2532 praeseferebat,
1019 2458 1098 2516 bravi
1115 2459 1172 2529 jem
1194 2463 1265 2513 tem-

57 2601 60 2605 *
161 2578 232 2635 pore
254 2562 356 2618 malitia
377 2569 405 2618 et
426 2561 551 2635 cupidine
572 2562 685 2632 insignis
707 2563 759 2618 erit
780 2568 810 2617 ut
830 2560 1040 2633 Sardanapalum
1060 2560 1123 2617 Juv.
1135 2559 1173 2631 X,
1195 2553 1265 2616 362.

163 2664 217 2721 Sed
228 2665 252 2720 si
262 2665 388 2738 ponimus
400 2667 522 2722 Scaevae
540 2680 639 2720 nomen
649 2664 840 2736 depromptum
852 2679 913 2719 esse
929 2679 964 2718 ex
975 2664 1070 2720 llorat.
1082 2664 1169 2736 Epist.
1181 2665 1201 2719 1.
1218 2658 1266 2733 17,

163 2769 265 2824 rectius
276 2775 359 2840 poeta
381 2768 543 2840 intelligitur
554 2767 667 2838 docens,
690 2784 769 2839 mam
790 2767 870 2823 facile
891 2768 975 2824 homc
987 2767 1093 2823 otiosus
1115 2773 1144 2822 et
1164 2765 1266 2840 segnis,

160 2872 247 2945 qualia
268 2873 389 2943 Scaeva,
411 2873 459 2928 liat
478 2871 567 2928 mollis
589 2878 618 2926 ct
637 2870 815 2942 libidinosus,
836 2876 867 2926 ut
888 2869 1099 2943 sardanapalus.
1126 2870 1265 2940 Ceterum,

161 2983 191 3032 ut
211 2977 333 3046 Bernavs
359 2975 477 3046 monuit,
503 2975 527 3032 si
552 2975 660 3032 auctori
687 2974 724 3032 ob
751 2981 867 3031 mentem
892 2973 1056 3030 versabatur
1077 2975 1183 3031 Scaeva
1209 2974 1266 3044 ille,

163 3095 242 3151 quem
254 3079 355 3134 Caesar
366 3078 395 3133 B.
413 3079 443 3134 C.
463 3078 510 3148 ill,
533 3071 572 3134 53
584 3079 686 3148 laudat,
709 3077 909 3150 Sardanapalua
926 3077 972 3133 ille
988 3077 1103 3148 ignavus
1116 3077 1266 3150 opponitur

165 3182 228 3238 nure
249 3188 281 3236 aa
305 3181 408 3237 nomini
428 3181 588 3239 rostanno.
731 3167 736 3174 “

248 3285 388 3341 Thersitae
415 3284 516 3342 similes
543 3301 603 3340 cum
630 3285 657 3340 iu
683 3285 759 3341 curia
786 3285 803 3340 i.
831 3301 855 3341 e.
883 3283 1084 3357 archiepiscopi
1115 3283 1177 3340 aula
1206 3299 1267 3339 esse

162 3390 265 3446 diserte
286 3388 421 3459 dicantur,
443 3388 477 3444 ab
500 3389 573 3444 omni
595 3394 685 3444 terrae
707 3393 795 3460 parte,
817 3387 851 3443 ab
873 3387 946 3444 omni
967 3387 1041 3444 vitae
1062 3403 1165 3458 genere
1182 3387 1266 3456 missi,

164 3493 298 3562 videmus,
321 3489 355 3547 de
376 3490 411 3548 iia
434 3507 494 3546 esse
517 3491 704 3562 cogitandum,
726 3490 772 3564 qui
793 3497 839 3546 aut
859 3491 932 3546 vitae
958 3490 1083 3548 turbatae
1110 3490 1201 3546 taedio
1223 3491 1267 3546 al-

162 3595 238 3667 lecti,
260 3600 307 3649 ant
327 3599 471 3666 postquam
493 3599 681 3666 peecatorum,
703 3611 773 3665 quae
788 3594 990 3664 commiserant,
1011 3609 1062 3650 eos
1083 3592 1266 3665 poenituerat,

163 3700 222 3755 sive
243 3695 389 3753 libidinose
410 3695 546 3767 vixerant,
568 3696 627 3751 sive
647 3695 719 3751 bella
740 3702 894 3768 gesserant,
916 3696 975 3752 sive
996 3695 1061 3768 quid
1083 3697 1151 3753 clam
1173 3696 1217 3751 vel
1239 3695 1268 3751 vi

162 3805 322 3874 rapuerant,
343 3799 371 3855 in
383 3799 503 3857 elaustro
516 3806 544 3856 et
564 3799 680 3856 ecclesia
702 3799 837 3871 refugium
853 3799 1029 3872 quaerebant.
1065 3799 1190 3856 Ceterum
1200 3815 1267 3855 rur-

164 3921 210 3961 sns
232 3903 324 3960 locum
345 3901 484 3960 luvenalis
506 3896 731 3959 vr11269-71
757 3904 906 3977 expressit:

316 4006 413 4077 ,hlalo,
435 4012 514 4078 pater
535 4007 585 4062 tibi
607 4006 642 4062 sit
665 4005 811 4078 Thersites,
833 4005 980 4064 dnmmodo
1002 4007 1091 4063 tusis

312 4108 451 4164 Aeacidae
472 4108 576 4178 similis,
598 4106 786 4181 Vulcaniaque
807 4125 881 4165 arma
903 4125 1041 4182 capessas,

317 4212 403 4278 Quam
425 4219 452 4268 te
474 4211 614 4268 Thersitae
635 4209 746 4267 similem
769 4210 906 4284 producat
925 4212 1072 4270 Achilles.“
