2924 4974
805 447 856 528 28

458 649 495 716 to
516 651 587 732 quin
608 647 800 712 cern-utum
820 648 901 713 velet
921 665 993 712 osso
1014 650 1153 729 scientia,
1175 671 1267 715 veras

356 767 425 830 750.
542 765 617 828 'ires
639 763 745 842 docet,
766 767 799 828 in
819 765 943 848 reliquis
960 783 1031 830 5555
1046 771 1157 848 poema
1172 769 1251 831 sinit

458 883 647 965 Temperiem
662 881 780 946 mediae
795 881 910 947 iaciunt
924 889 1074 962 extrema,
1086 883 1232 966 jubetque

540 997 579 1061 Ut
592 997 723 1062 medium
738 1004 849 1077 tenent,
862 999 914 1080 qui
924 999 1024 1063 bonus
1041 1017 1112 1064 5555
1128 1001 1219 1083 cupit.

459 1115 609 1196 Gratnque
629 1117 792 1198 temperies
813 1114 951 1179 animalia
973 1133 1105 1198 corpora
1126 1118 1229 1195 nutrit,

540 1231 578 1294 Ut
598 1238 705 1298 557555
722 1231 824 1314 jubet,
850 1229 927 1296 haec
949 1233 1061 1315 magis,
1082 1231 1132 1296 iila
1153 1233 1261 1294 minus.

354 1347 425 1412 755.
459 1349 566 1412 Peraia
576 1347 730 1430 spiritibus
740 1353 811 1411 sunt
821 1365 952 1430 corpora
964 1347 1073 1428 densa,
1096 1348 1238 1412 sedilios

539 1463 627 1528 Nunc
649 1463 771 1528 cohibet
790 1465 888 1547 major
909 1464 1101 1529 arbitriumve
1121 1466 1186 1529 Dei.

458 1579 578 1663 Corpus
599 1581 756 1664 spiriteum
777 1598 840 1646 non
860 1580 983 1646 laedunt
1003 1581 1092 1664 nigor
1112 1587 1142 1645 ct
1163 1589 1281 1659 aestus,

537 1696 592 1760 Vis
613 1696 830 1762 elementorum
851 1697 932 1762 nuda
953 1715 1068 1762 nocere
1088 1705 1196 1782 potest

456 1813 518 1880 Sed
538 1819 696 1894 torquetur
718 1814 754 1878 ab
775 1813 823 1878 his
845 1813 980 1878 animalis
1000 1815 1077 1893 vita,
1099 1815 1237 1897 capitque

352 1933 423 1996 760.
540 1927 685 2012 Congruit
707 1948 764 2011 pro
785 1931 899 1995 meritis
919 1932 1054 2014 praemia
1076 1931 1204 2013 quisque
1226 1933 1300 1994 suis.

455 2047 613 2128 Faeceque
636 2045 763 2110 decocta
784 2047 901 2112 cunctis
922 2053 1080 2112 recreatur
1100 2049 1189 2131 origo

537 2163 646 2226 Purior
666 2169 698 2225 et
718 2163 848 2226 redeunt
868 2181 961 2226 aurea
982 2164 1067 2228 secla
1087 2170 1210 2246 patrum.

454 2277 546 2342 diuite
566 2279 664 2361 probo
686 2277 790 2342 docuit
809 2279 924 2361 ilioque
944 2279 1082 2362 perutilis
1104 2297 1191 2358 nevo,

538 2393 618 2458 inter
637 2396 823 2478 praecipuos
843 2413 977 2459 summus
999 2397 1030 2458 in
1052 2395 1127 2460 orbe
1147 2395 1211 2459 init.

350 2512 420 2575 705.
448 2511 524 2576 Hinc
538 2517 638 2575 tamen
650 2513 915 2595 arguitur,animas
923 2510 1006 2592 quod
1018 2511 1055 2575 ab
1066 2513 1188 2576 aethere
1198 2512 1298 2598 lapsas

536 2627 668 2706 Arserit,
691 2634 721 2690 et
742 2643 856 2710 corpus
878 2629 1011 2692 carceris
1034 2645 1104 2692 5555
1124 2628 1205 2708 1555,

452 2744 491 2808 Et
505 2743 588 2826 quod
605 2761 658 2808 eas
674 2745 808 2826 propriis
829 2743 969 2808 exclusas
990 2745 1021 2808 in
1042 2762 1122 2808 nova
1142 2747 1216 2808 mitti

536 2858 676 2943 Corpora
696 2878 754 2943 pro
775 2877 892 2924 morum
915 2859 1092 2924 conditione
1111 2869 1203 2944 putat,

451 2976 489 3040 Et
504 2975 588 3057 qnod
609 2995 662 3040 eas
684 2978 827 3059 proprios
847 2975 968 3040 tandem
990 2977 1112 3042 deducit
1132 2977 1171 3041 ad
1192 2984 1276 3042 ortus

347 3094 417 3157 770.
535 3092 696 3175 Corporis,
712 3099 746 3156 ut
766 3093 877 3176 cupide
897 3111 1005 3158 rursus
1026 3092 1063 3157 ad
1084 3095 1144 3157 ima
1159 3095 1274 3159 cadant

452 3207 528 3274 Cum
549 3209 644 3274 semei
665 3210 742 3273 haec
763 3208 875 3274 fuerint
894 3210 946 3274 illo
967 3210 1104 3274 tradente
1120 3219 1253 3294 recepta,

534 3324 695 3390 Convincit
715 3327 790 3390 ratio
812 3326 940 3409 plurima
962 3325 1037 3390 iaisa
1057 3329 1153 3410 sequti.

244 3458 250 3489 ¹
278 3459 297 3490 0⁸
311 3463 346 3491 u·
417 3435 420 3441 '
451 3444 530 3506 Ante
545 3442 642 3524 pedes
659 3441 792 3508 Socratis
814 3441 941 3506 humiles
958 3449 1134 3507 sternuntur
1154 3444 1273 3521 alumni,

229 3527 236 3559 ι
327 3528 335 3562 ⁸
533 3558 754 3641 indigiternque
774 3559 872 3622 Deum
895 3558 1022 3624 Graecia
1042 3566 1104 3624 totu
1126 3559 1205 3623 colit.

347 3677 416 3740 775.
452 3677 623 3754 Quaerere,
644 3677 671 3739 si
693 3682 819 3740 cunctos
839 3677 1008 3759 praecessit
1027 3694 1101 3740 vera
1122 3675 1273 3752 docendo,

531 3792 647 3856 vixerit
668 3810 707 3856 an
728 3799 848 3872 sancte,
870 3793 1003 3857 creditur
1024 3810 1094 3856 esse
1115 3793 1225 3855 scelus.

448 3908 601 3972 Exercent
622 3909 670 3973 atii
691 3926 836 3973 numeros
858 3916 889 3972 et
909 3909 1047 3992 pondera
1066 3927 1177 3985 rerum,

534 4026 620 4102 Quae
641 4026 835 4090 mensurandi
855 4026 978 4110 regula,
1001 4027 1091 4109 quive
1112 4023 1208 4100 modi3

410 4174 442 4225 v.
461 4175 518 4228 773.
540 4174 604 4238 Arg.
627 4179 666 4227 tte
684 4177 790 4229 Socrate
808 4182 857 4229 etc.
874 4177 931 4236 Lm,
950 4175 1077 4229 vocabula
1095 4174 1249 4227 anctoritate
1267 4179 1293 4224 et

344 4243 456 4292 atterum
474 4251 497 4295 et
513 4244 610 4294 desunt
626 4244 652 4294 tn
671 4245 733 4294 Hm.
