2912 4976
619 412 815 524 2⁷.-

166 607 299 690 que'uno
322 618 473 689 eodemque
495 618 612 676 triennio
634 626 746 694 praeter
764 619 896 678 Wilielmi
917 617 952 675 de
974 618 1091 676 conchis
1118 617 1197 674 etiam
1219 618 1266 676 lll-

166 723 263 779 olnardi
280 721 494 779 etPetrilleliao
515 723 623 780 scholas
645 725 831 797 frequentasse
852 725 994 798 ipsumque
1015 722 1145 781 nobilium
1166 722 1268 780 liberos

166 827 326 883 instituisse.
356 827 448 882 Verba
470 827 577 900 quidem
600 829 713 886 obstare
728 829 869 885 videnlur:
892 829 1055 900 „ipsamque
1075 823 1268 894 (wilielmum)

167 932 297 986 triennio
318 930 467 988 docentem
493 931 604 988 oodioi.
645 932 765 990 Interim
792 932 853 1002 leqr'
875 932 965 1005 pluro
989 947 1044 988 neo
1073 946 1118 987 me
1141 947 1269 1004 anquene

163 1033 326 1107 poenitebit
361 1037 498 1108 temporis
534 1038 607 1092 eiua
661 1036 880 1094 Postmodum
915 1052 983 1092 aero
1013 1035 1190 1094 Riedordmn
1232 1063 1265 1074 -

167 1145 288 1194 serulus
309 1136 400 1208 sum‚“
421 1138 470 1196 sed
492 1139 557 1196 nilail
578 1139 699 1212 impedit,
720 1140 864 1213 quominus
879 1138 945 1196 illud
963 1138 1142 1212 postmodum
1164 1139 1198 1196 ad
1215 1139 1270 1195 ini·

168 1240 233 1296 tium
246 1241 356 1298 triennii
367 1241 511 1314 referatur,
532 1249 563 1298 ut
573 1242 687 1314 primurn
697 1244 786 1300 solum
796 1243 972 1312 wilielmum,
989 1241 1086 1299 deinde
1096 1242 1269 1314 postmodum

168 1344 185 1400 i.
198 1361 222 1399 e.
244 1361 301 1400 non
324 1346 407 1402 mullo
429 1349 494 1418 posi
514 1353 625 1419 praeter
646 1362 706 1404 euna
728 1347 824 1404 eodem
847 1346 963 1403 triennio
980 1345 1143 1418 aliquamdiu
1154 1343 1271 1402 Richar-

170 1448 248 1520 dum,
271 1455 299 1504 et
324 1455 420 1521 postea
441 1450 548 1506 Petrum
569 1449 671 1506 Heliam
692 1467 723 1506 sa
744 1450 852 1508 audisse
873 1449 953 1506 diost.
996 1449 1083 1506 Ellam
1104 1449 1189 1507 mullo
1210 1448 1270 1506 veri

170 1559 212 1608 est
232 1553 356 1622 similius,
379 1553 495 1610 triennio
517 1554 572 1611 lnoe
593 1554 619 1610 ei
638 1555 729 1626 pluras
751 1560 956 1628 praeceptores,
978 1570 1057 1626 quam
1073 1569 1154 1610 unum
1169 1557 1270 1610 tantuna

169 1655 267 1728 luisse,
300 1657 426 1728 idemque
452 1657 595 1714 triennium
621 1655 786 1729 significari,
812 1657 836 1714 si
857 1656 948 1728 tradit,
971 1656 998 1713 iu
1024 1658 1077 1714 line
1104 1657 1213 1715 triennii
1240 1673 1271 1714 se

168 1760 195 1816 in
222 1761 338 1833 patriam
360 1776 421 1816 esse
447 1777 597 1833 reversum,
618 1761 655 1817 ila
683 1767 712 1818 ut
732 1760 942 1833 quinquennium
963 1759 1072 1818 Parisiis
1097 1767 1219 1818 moratus
1245 1776 1270 1816 a.
1311 1836 1314 1841 Ι

172 1858 253 1920 1142
280 1866 324 1921 vel
355 1857 431 1920 1141
456 1865 484 1920 in
505 1865 631 1936 Angliam
652 1864 763 1921 rediret
806 1864 881 1922 Hane
906 1865 1136 1936 computationem
1156 1863 1273 1922 aldrmst

168 1968 309 2026 lohannes
331 1973 425 2024 noster
446 1968 603 2038 lletalogioi
624 1968 696 2025 libro
719 1968 812 2038 tertio,
833 1967 880 2040 qni
901 1968 942 2024 sio
963 1967 1072 2040 inoipit:
1105 1967 1273 2039 „Annisera

168 2074 275 2144 oiqa'ati
296 2072 390 2144 elapsi
412 2079 488 2142 sant,
516 2089 554 2128 eo
575 2089 631 2144 quo
651 2087 696 2128 me
717 2071 753 2128 od
775 2072 905 2143 officinis
930 2079 959 2130 et
981 2070 1137 2143 palaestro
1163 2088 1270 2140 emuna,

170 2178 221 2249 qui
243 2174 368 2246 loqioorn
386 2175 569 2248 profiteatur,
591 2176 636 2231 rei
656 2175 820 2246 familiaris
845 2175 953 2232 ooolril
979 2177 1118 2246 namatio
1145 2183 1175 2232 et
1200 2192 1272 2232 roo-

171 2277 271 2335 sa'lium
297 2281 468 2346 amicorum,
496 2277 600 2351 quidus
625 2294 684 2333 ooo
709 2276 907 2350 obtemperare
935 2293 993 2333 non
1018 2279 1112 2350 potui.
1155 2277 1273 2336 Eoioda

170 2391 204 2440 ut
231 2399 270 2438 es
296 2385 387 2438 animi
413 2383 469 2437 mei
496 2383 644 2438 sententio
669 2397 766 2436 aarum
790 2381 905 2452 fateor,
931 2397 987 2436 neo
1013 2383 1046 2436 in
1073 2383 1202 2438 transitu
1227 2381 1273 2438 ael

172 2487 262 2542 semel
283 2485 506 2542 dialecticorum
533 2485 622 2554 oltiqi
648 2485 772 2556 scripto,
806 2501 882 2556 qaae
907 2483 953 2540 sel
974 2486 1006 2539 in
1033 2483 1148 2540 orsitus
1172 2485 1219 2542 ael
1240 2486 1273 2540 ia

171 2591 390 2648 commentariis
407 2596 459 2645 aut
468 2586 694 2660 qlosrernotidua
704 2590 858 2644 scientium
871 2589 991 2660 pariunt
1007 2595 1059 2644 aut
1075 2590 1203 2645 retinent
1219 2596 1272 2644 ont

169 2668 357 2766 reformant?
400 2692 459 2749 lloe
479 2690 538 2749 sine
559 2690 643 2746 dubio
665 2673 835 2746 referendum
858 2697 900 2746 est
921 2690 956 2747 ad
976 2690 1043 2747 illud
1070 2697 1190 2763 ternpus,
1217 2707 1272 2765 quo

170 2798 268 2855 Adami
294 2797 328 2854 de
353 2796 443 2852 Parvo
470 2802 554 2868 ponte
580 2803 608 2850 et
638 2794 774 2853 Willermi
801 2795 1003 2853 suessionensis
1035 2797 1215 2854 familiaritate
1246 2803 1275 2854 et

170 2900 327 2974 disputandi
349 2896 544 2956 consuetudine
566 2898 670 2954 sublata
691 2898 719 2954 in
745 2897 859 2971 patriam
886 2915 1013 2956 reuersus
1042 2907 1114 2972 erat,
1147 2901 1193 2957 ubi
1218 2917 1273 2958 non

171 3004 258 3060 mullo
279 3010 346 3076 post
365 3002 475 3074 logione
497 3005 607 3060 omnino
630 3003 804 3059 renuntiavit.
836 3003 939 3059 Etenim
962 3004 985 3060 si
1000 3004 1137 3061 Richardo
1155 3007 1274 3062 etl'elro

172 3109 268 3165 Heliae
290 3107 378 3164 altero
401 3106 517 3162 triennio
540 3108 782 3180 postWilielmuns
799 3107 832 3164 de
849 3107 967 3164 Conelris
990 3124 1103 3180 operam
1126 3109 1274 3180 tribuisset,

171 3228 228 3269 non
250 3217 312 3268 ante
334 3228 430 3267 annum
456 3204 535 3267 1144
557 3211 585 3268 in
605 3210 732 3282 Angliam
754 3212 878 3282 redisset,
901 3217 929 3266 et
949 3211 1067 3268 sedecim
1089 3217 1190 3268 tantum
1213 3211 1277 3268 anni

173 3321 265 3372 essent
286 3315 428 3388 praeteriti
450 3315 483 3370 ad
501 3330 598 3370 annum
617 3308 697 3370 1160
718 3331 818 3388 usque,
845 3330 900 3387 qno
922 3315 1061 3371 lohannes
1082 3314 1275 3388 lietalogioum

172 3419 291 3491 scripsit
313 3418 360 3476 Sin
371 3435 440 3474 vero
452 3432 523 3472 anno
543 3411 619 3472 1141
635 3415 724 3487 rediit,
747 3416 809 3472 anni
826 3423 900 3472 uerte
916 3417 1085 3488 undeuiginti
1107 3420 1275 3490 interjacent.

172 3523 203 3581 Si
225 3523 342 3595 denique
368 3529 473 3577 eertum
495 3527 576 3590 esset,
603 3520 679 3592 quod
698 3521 813 3576 Bulaeus
835 3521 881 3592 (ll,
903 3539 930 3593 p.
953 3513 1027 3588 735)
1049 3522 1201 3594 suspicatus
1223 3531 1275 3594 est,

172 3627 332 3696 Gilbertum,
354 3641 432 3697 quern
455 3627 516 3679 ante
538 3622 686 3679 Roherturn
708 3623 821 3695 audiuit,
843 3623 926 3679 inisse
941 3623 1129 3697 Formianum,
1150 3633 1275 3698 quartum

172 3735 285 3786 nostrae
306 3727 511 3786 ratiocinationi
534 3728 678 3784 accederet
698 3733 894 3798 argumentum.
926 3729 1006 3784 Anno
1023 3728 1093 3785 eninr
1111 3723 1186 3786 1141
1213 3730 1276 3804 epi-

172 3849 276 3906 seopus
297 3833 385 3888 laetus
408 3838 459 3902 est,
481 3838 511 3887 ut
526 3831 676 3903 lohannes,
698 3830 745 3903 qui
766 3831 820 3888 hoe
842 3831 1193 3904 annoOnoniamveneral,
1214 3849 1275 3889 eum

172 3936 252 3994 nimis
275 3937 331 3993 aito
360 3936 411 3992 sibi
433 3934 600 3991 subtractum
622 3949 684 3988 esse
705 3933 782 4005 queri
804 3937 906 4006 posset
948 3935 1003 3992 Sed
1029 3942 1199 4008 compertum
1221 3952 1276 3994 non

173 4039 304 4096 hebernus
316 4055 375 4094 enni
387 4053 504 4108 unquam
517 4035 641 4093 Oxoniae
658 4035 796 4108 docuisse,
819 4053 980 4110 quamquam
991 4038 1046 4094 hoo
1062 4055 1150 4110 neque
1173 4040 1206 4096 de
1218 4039 1278 4100 (lile

174 4144 254 4200 berto
263 4141 486 4214 Folloth‚postea
498 4139 823 4212 episeopollerlordensi,
835 4139 954 4196 ultimum
961 4139 1133 4213 londinensi,
1145 4142 1276 4202 nouimus.

1076 4235 1095 4296 7
1111 4241 1128 4275 n
