2912 4976
232 655 356 714 adlaeri
376 659 519 730 mapirtro
540 658 684 727 eliderieo,
707 661 758 732 qui
778 661 858 714 iuter
879 665 994 714 ceteror
1014 654 1240 730 opinatissimus
1268 651 1334 708 dio-

232 760 358 819 tecum
378 761 507 821 eritelat
528 772 558 822 et
578 771 644 822 erat
664 781 698 820 rc
715 779 786 820 uera
804 759 965 819 aomioolio
979 765 1080 814 rectae
1095 759 1261 814 acerrimus
1281 759 1334 812 im-

230 874 384 940 pupmator.
437 867 488 925 Sic
519 869 612 940 ferme
636 875 698 924 toto
723 867 839 925 lieomo
865 871 1055 922 roooermtur
1078 864 1112 918 io
1136 869 1236 918 moute
1261 863 1337 917 artic

231 971 320 1027 iuius
338 971 563 1046 preceptoribus
583 989 657 1028 uror
677 987 740 1028 eum
760 969 896 1028 Allerieo
917 975 947 1025 et
967 967 1110 1038 mopietro
1131 965 1257 1022 lioderto
1276 965 1335 1022 Ne-

232 1073 430 1142 ludertri(sic)
461 1084 495 1133 ut
506 1078 675 1148 ropromioe
689 1075 869 1146 decipietur,
891 1071 969 1144 quod
988 1070 1095 1125 mouit
1116 1071 1149 1124 iu
1170 1069 1336 1125 rcltolorum
1451 1115 1452 1132 ,

231 1179 386 1252 repimiue,·
407 1181 529 1238 motione
544 1179 688 1255 riqaidem
698 1177 863 1250 Amplipeua
880 1183 934 1233 ert.
951 1201 984 1212 -
1012 1171 1128 1228 Beiode
1147 1189 1285 1230 reuersus
1304 1175 1336 1229 io

231 1299 277 1339 me
301 1291 331 1340 et
357 1285 482 1341 metieur
506 1286 586 1342 oirer
608 1300 692 1342 mear
720 1284 796 1340 tona
827 1285 1048 1356 praeceptorum
1077 1291 1206 1334 meorum
1236 1279 1336 1348 pratia

232 1387 366 1444 consotto
397 1405 443 1445 me
473 1389 513 1446 od
543 1389 765 1462 prammaticom
797 1388 836 1444 de
857 1382 985 1442 Corellio
1017 1379 1160 1436 trauetuli
1186 1382 1337 1454 ipurmqoe

232 1493 360 1548 trimoio
385 1493 534 1550 docentem
560 1491 670 1550 audiri.
708 1491 828 1550 luterim
854 1492 914 1562 lapi
934 1485 1033 1561 plura,
1058 1501 1114 1542 neo
1139 1501 1185 1540 me
1208 1501 1336 1556 uuquam
1452 1499 1453 1536 ι

228 1595 390 1670 poenitebit
411 1599 549 1671 temporie
576 1599 650 1654 eiur.
703 1596 888 1654 Postmodum
911 1609 980 1650 cero
1001 1589 1202 1648 Bermlardam
1227 1605 1335 1659 coporo-

230 1707 327 1756 merto
349 1699 522 1774 Episcopum
548 1709 668 1758 cecatur
694 1717 758 1760 rum
784 1710 812 1758 et
839 1717 917 1774 quae
942 1699 979 1755 ob
1005 1695 1079 1754 aliis
1104 1692 1272 1761 audieram,
1299 1690 1337 1748 al

232 1817 267 1857 eo
282 1808 389 1857 caueto
404 1801 498 1874 relepi
514 1809 542 1859 et
563 1803 702 1860 inaudita
722 1803 868 1876 quaedam
889 1801 929 1858 ad
943 1799 1126 1875 quadrivium
1142 1797 1335 1868 perimentia,

231 1903 266 1956 io
286 1909 342 1967 ouo
363 1899 554 1974 aliquatenus
577 1901 764 1958 Teutonicum
777 1901 1021 1975 praeaudivimus
1030 1900 1250 1957 Hardeioioum.
1276 1899 1335 1957 lle-
1453 1882 1454 1944 Ϊ

232 2001 292 2072 lapi
304 2017 418 2074 quoque
437 1999 624 2070 rhetoricam,
647 2017 732 2074 quam
753 2003 836 2074 prius
857 2017 921 2058 cum
942 2000 1114 2074 menidam
1135 2003 1210 2060 aliie
1228 2021 1250 2060 a
1269 2021 1335 2059 ma-

232 2104 327 2176 pietro
352 2102 531 2160 Theoderico
551 2104 680 2162 tenuiter
701 2104 816 2162 auditio
833 2105 999 2178 paullulum
1019 2105 1229 2179 iutellipelram.
1276 2107 1337 2163 Sed

234 2223 299 2266 adm
312 2206 492 2280 postmodum
508 2223 528 2262 a
547 2205 734 2264 PetroHelio
746 2207 866 2279 pleuiur
879 2210 989 2280 accepi.
1031 2213 1071 2268 tu
1095 2213 1167 2279 quia
1194 2210 1336 2268 mobilium

233 2308 356 2379 liberor,
378 2311 429 2377 qui
443 2307 515 2365 milti
526 2310 684 2366 amicorum
700 2318 730 2366 et
746 2318 934 2383 copoatorum
945 2311 1235 2384 auciliirdeetituto‚
1255 2331 1333 2387 pau-

230 2417 341 2490 pertati
351 2431 442 2484 meae,
455 2411 689 2483 rolatiaotelleo,
701 2415 843 2472 alimenta
850 2415 1053 2489 praestabam,
1063 2417 1257 2476 iustrumdor
1266 2433 1334 2474 rus-

233 2539 379 2597 ceperam,
402 2539 440 2578 ea
453 2521 634 2578 oeoeecitate
649 2521 742 2594 oflicii
758 2529 786 2578 et
797 2523 945 2580 iuetootia
955 2525 1089 2580 iuoeuum
1099 2521 1236 2594 urgebar,
1259 2521 1336 2589 quod

234 2626 402 2695 audieram,
427 2625 467 2682 od
487 2623 651 2680 mom
675 2623 807 2681 eretriae
826 2642 974 2683 reuocare.
1008 2627 1143 2684 tlodead
1161 2627 1335 2698 mopietram

234 2729 328 2788 Adam
340 2730 506 2788 acutiorimi
516 2731 609 2786 cirum
618 2731 731 2802 iapeoii
743 2739 781 2798 et,
793 2731 936 2803 quidquid
948 2731 1004 2788 olii
1015 2733 1159 2800 seutiam,
1176 2731 1335 2787 multarum

235 2835 409 2904 litterarum,
432 2835 483 2906 qui
493 2831 651 2890 Aristoteli
664 2849 738 2906 prae
753 2836 862 2890 ceteris
876 2835 1073 2905 iomrmlrelat,
1095 2835 1335 2906 familiaritatem

234 2941 373 2998 contram·
382 2937 560 2994 ulteriorem.
572 2965 605 2976 -—
620 2935 739 2994 Interim
754 2937 929 2994 Willermum
940 2939 1177 2996 Suerdoueorem
1193 2967 1226 2976 -
1239 2939 1336 3010 primo

235 3043 346 3116 lopiceo
357 3042 445 3100 docui
460 3043 603 3098 elerueota
615 3050 643 3099 et
656 3043 776 3099 contem
786 3043 851 3114 jam
863 3044 944 3100 dicto
951 3045 1135 3118 praeceptori
1150 3043 1283 3116 opposui.
1300 3071 1331 3080 —

235 3147 438 3204 detraxerant
463 3163 508 3202 me
534 3145 603 3202 hioo
628 3147 674 3201 rei
698 3146 862 3216 familiario
884 3149 1036 3220 oopuotia,
1065 3149 1210 3204 rociorum
1229 3147 1335 3219 petitio

235 3259 263 3309 et
290 3252 446 3309 concilium
468 3252 634 3320 amicorum,
657 3258 691 3306 ut
712 3251 840 3322 osticium
862 3251 995 3306 dooeotie
1015 3250 1201 3323 opprederer.
1234 3250 1335 3306 Parui.

235 3355 408 3412 Reuersus
433 3356 535 3426 itaque
560 3354 593 3408 io
618 3353 678 3424 doe
703 3355 826 3409 trieouii
846 3345 962 3427 repperi
981 3357 1154 3426 mapirtrum
1176 3353 1336 3410 Gillertum

235 3462 386 3533 ipsumque
413 3457 514 3513 audiri
539 3458 572 3512 io
593 3455 710 3528 Lopiois
736 3464 764 3513 et
785 3456 914 3527 Dioioie,
948 3458 1001 3515 sed
1025 3460 1114 3514 uioois
1135 3459 1194 3514 cito
1216 3457 1335 3514 mitra-

235 3570 301 3620 ctuc
329 3571 381 3620 ert.
425 3561 574 3618 Successit
595 3560 737 3617 llolertur
757 3561 874 3632 Pullos,
904 3579 986 3635 quem
1006 3564 1068 3618 oito
1086 3564 1202 3634 pariter
1223 3569 1253 3616 et
1274 3563 1335 3618 rci-

235 3668 318 3725 eotio
349 3664 595 3724 eorumeodaboot.
653 3663 766 3722 Deinde
796 3682 842 3722 me
873 3668 986 3738 occepit
1015 3666 1113 3722 Simon
1144 3665 1337 3722 Pecioeeosic

233 3772 313 3845 lidus
338 3771 444 3839 lector,
479 3769 531 3826 sed
557 3768 687 3826 obtusior
713 3769 886 3842 disputator.
939 3769 998 3826 Sed
1023 3769 1077 3826 loo
1102 3769 1178 3825 duos
1202 3771 1235 3824 iu
1262 3770 1337 3825 rotis

235 3875 409 3948 tlteolopicir
429 3872 518 3930 latai
535 3881 749 3946 praeceptores.
791 3874 842 3930 Sic
861 3876 925 3947 fere
946 3873 1140 3932 duodeuuium
1161 3872 1232 3930 mili
1253 3873 1336 3945 elop-

236 3997 299 4037 tum
320 3987 366 4036 est
387 3979 513 4036 diuersis
534 3977 644 4034 rtadiir
666 3986 813 4050 occupato.
860 3978 1024 4035 lucendum
1045 3979 1147 4050 itaque
1166 3977 1259 4034 airum
1281 3983 1335 4044 eet,

235 4091 361 4154 celeres,
396 4098 469 4156 quoe
499 4081 677 4154 reliqueram
703 4088 732 4136 et
762 4097 835 4154 quor
868 4081 964 4137 adhuc
996 4081 1158 4138 dialectiea
1187 4077 1337 4136 detiuedat

235 4191 267 4246 io
287 4195 391 4258 moute,
413 4186 544 4243 rcoime
564 4185 669 4242 socier.
697 4213 729 4222 -
754 4183 866 4241 luceoli
888 4191 965 4255 suot,
989 4186 1040 4259 qui
1060 4184 1180 4255 sumam
1200 4190 1230 4240 et
1251 4179 1335 4238 alii.“
