2912 4976
652 389 857 504 ...Ἀ

203 595 335 654 bouestos
360 595 503 666 simulare,
535 597 584 654 aed
615 597 825 654 sceleratissime
852 595 948 656 uivere
973 595 1114 666 dicuntur,
1141 593 1239 650 Gauius
1267 594 1311 651 rel

203 699 297 756 Catius
314 705 342 756 et
354 699 486 772 Corydon
503 705 531 757 ct
548 701 600 774 ipsi
615 701 796 774 hospitiorum
814 707 877 758 sunt
892 700 1025 774 magistri,
1047 700 1096 756 sed
1111 715 1218 771 eorum,
1240 715 1312 771 quae

204 804 352 860 nruudunos
363 809 463 860 lautum
476 803 644 878 recipiebant
650 805 704 876 vel,
716 805 778 878 quic
786 802 1313 862 omnesacbolaresclericorumnomiue

204 907 358 978 utebantur,
375 923 435 978 eos,
452 906 499 980 qui
510 907 587 980 quasi
599 907 694 966 clerici
705 909 940 982 nuncupabantur,
951 908 1043 965 lluber
1058 908 1081 979 l,
1092 924 1119 979 p.
1131 900 1182 964 96.
1206 905 1312 978 llospi-

204 1011 378 1067 tiorumvero
390 1009 494 1067 incolas
506 1011 686 1068 conclericos
697 1013 742 1068 vel
755 1012 916 1082 mundanos,
931 1011 976 1083 qui
987 1011 1041 1067 boc
1052 1011 1117 1067 loco
1129 1009 1275 1082 superbire
1286 1016 1312 1064 et

204 1113 312 1172 clericis
334 1131 364 1170 se
386 1113 513 1170 meliores
534 1113 631 1170 baberi
650 1114 773 1171 voluisse
800 1114 941 1185 dicuntur,
969 1119 1031 1170 aute
1053 1113 1164 1169 ordines
1186 1113 1313 1168 Domini-

205 1234 336 1274 canorum
367 1223 395 1272 ct
421 1215 664 1274 Franciscunorunr
691 1216 830 1274 institutos
857 1217 966 1290 saepius
995 1235 1056 1274 cunr
1089 1216 1197 1274 clericis
1230 1217 1313 1272 inisse

204 1321 397 1378 certamenvel
418 1337 467 1377 cos
489 1325 650 1394 aspernatos
672 1337 743 1393 esse,
764 1321 861 1380 Wood
883 1321 994 1378 tradidit
1015 1322 1050 1378 ad
1072 1339 1096 1378 a.
1121 1314 1313 1391 1111‚v011‚

203 1443 231 1498 p.
243 1419 284 1480 48
300 1424 342 1480 bis
363 1424 471 1481 verbis:
493 1423 682 1497 ,darmundus
692 1425 835 1482 Ecclesiae
849 1424 1164 1495 SanctaeFrideswytae
1180 1430 1313 1496 patronus

205 1528 356 1584 exturbatis
383 1528 552 1584 secularibus
579 1527 733 1600 conjugalis
760 1528 872 1586 coelibes
899 1528 953 1595 (cx
973 1528 1202 1586 Academicorum
1229 1545 1314 1602 prae-

205 1633 285 1705 cipue
296 1631 424 1697 numero)
445 1631 473 1688 in
494 1647 591 1688 eorum
611 1632 702 1688 locum
725 1628 891 1706 cooptavit“
933 1632 976 1689 Ad
997 1649 1014 1688 a
1038 1625 1130 1688 1129:
1152 1631 1314 1702 „Caeterum

205 1737 303 1809 ejectio
331 1737 391 1806 illa,
424 1753 504 1808 quam
536 1736 734 1808 praediximus,
769 1737 931 1795 secularium
963 1737 1172 1794 controversiae
1205 1737 1315 1792 videtur

205 1840 378 1914 imputando,
417 1839 488 1895 inter
527 1840 666 1895 seculares
698 1841 902 1913 monachosque
934 1857 983 1896 seu
1015 1840 1157 1910 regulares
1187 1839 1315 1896 Oxoniae

204 1943 380 2016 Lutetiaeque
401 1948 516 1998 coortae
538 1942 572 1998 de
590 1942 711 1999 sodalitii
731 1942 855 2000 nimirum
877 1943 1019 2016 utriusque
1036 1944 1169 2016 dignitate
1191 1943 1314 2000 collisos.

205 2050 230 2106 n
262 2046 369 2104 clericis
401 2045 568 2102 secularibus
602 2045 665 2118 [qui
696 2046 742 2102 bio
773 2046 881 2103 clericis
914 2048 1108 2120 opponuntur]
1142 2045 1315 2102 Tbeobaldus

206 2148 371 2224 Stampensis
398 2149 528 2220 Magister
555 2147 718 2206 Oxoniensis
750 2157 778 2206 ct
809 2151 888 2206 aulae
915 2151 955 2217 [i.
984 2167 1010 2206 e.
1037 2149 1171 2222 hospitii]
1200 2149 1315 2206 alicuius

206 2271 328 2328 praeses,
351 2252 397 2326 qui
411 2252 532 2309 libellum
554 2252 638 2309 edidit
660 2252 936 2325 contrarcgulares.“
977 2253 1042 2310 Vite
1055 2252 1215 2324 communis,
1239 2254 1315 2309 cuius

205 2360 264 2432 ipsa
291 2356 399 2414 nomina
427 2356 563 2412 seculares
591 2355 631 2412 illi
657 2375 683 2413 v.
714 2351 793 2413 1565
816 2358 967 2414 abhorrere
989 2358 1131 2428 dicuntur,
1163 2363 1207 2412 est
1228 2373 1315 2428 regu-

206 2461 271 2519 laris
293 2459 497 2522 monachorum.
541 2459 701 2533 Superbiam
724 2477 834 2532 eorum,
861 2477 931 2533 quae
958 2477 1014 2517 non
1035 2460 1088 2516 nisi
1108 2460 1233 2517 vestibus
1256 2461 1315 2516 elc-

206 2561 378 2634 gautioribus
399 2568 427 2619 et
442 2564 540 2636 epulis,
563 2564 659 2636 quibus
676 2563 841 2637 glorientur,
863 2562 1025 2621 lautioribus
1047 2565 1157 2635 nitatur,
1179 2571 1313 2621 elcanam

206 2672 235 2722 et
255 2665 361 2722 inanem
383 2683 443 2722 esse
470 2667 566 2740 docet,
598 2668 673 2740 quod
698 2667 778 2725 iidem
806 2669 919 2742 opilices
945 2669 1067 2741 utrisque
1093 2675 1190 2741 parent
1214 2667 1314 2724 victum

207 2774 235 2826 ct
265 2775 383 2841 vestem,
411 2770 504 2826 eadem
528 2770 588 2828 ovis
610 2772 766 2844 materiam,
795 2788 848 2845 qua
871 2771 954 2828 vestis
975 2769 1134 2826 fabricetur.
1176 2769 1232 2828 Sed
1259 2786 1314 2826 nou

207 2869 375 2929 luxuriosius
397 2878 499 2929 tantum
522 2873 607 2930 hosce
629 2875 766 2931 seculares
792 2875 887 2932 vivere
909 2875 1009 2946 refert,
1031 2874 1080 2930 sed
1101 2874 1182 2930 etiam
1203 2873 1315 2930 liberius

208 2976 252 3032 vel
274 2976 346 3032 adeo
366 2975 521 3032 libidinose.
566 2977 647 3044 Quod
668 2977 804 3034 Venerem
830 2977 952 3035 illicitam
973 2983 1135 3033 exercerent
1162 2976 1314 3045 scholares,

207 3079 305 3154 saepius
338 3080 413 3136 viros
446 3079 624 3151 gravissimos
658 3083 735 3153 queri
771 3082 902 3138 audimus.
956 3083 1050 3154 Neque
1082 3080 1220 3136 seculares
1251 3086 1314 3136 tau-

208 3189 280 3254 tum,
306 3182 458 3238 sedetiam
484 3183 602 3240 clericos
629 3190 657 3239 et
682 3185 833 3241 monachos
855 3186 898 3242 rel
921 3183 1068 3255 magistros
1094 3183 1189 3238 sallem
1210 3180 1315 3240 libidini

208 3303 239 3344 se
260 3285 368 3344 dedisse
389 3293 487 3342 auctor
509 3292 604 3342 noster
625 3287 748 3359 queritur
770 3305 796 3344 v.
820 3280 1035 3344 tuto-1596.
1067 3286 1196 3342 Videmus
1213 3301 1314 3356 mores,

208 3407 278 3464 quos
300 3388 423 3446 liuberus
445 3390 539 3446 seculo
552 3387 658 3446 decimo
682 3390 764 3446 lertio
786 3407 889 3463 pravos
906 3389 989 3446 luisse
1000 3389 1130 3462 ostendit,
1147 3389 1204 3461 jnm
1220 3389 1314 3446 seculo

209 3493 373 3552 duodecimo
395 3508 450 3549 non
472 3491 601 3548 meliores
623 3491 715 3550 luisse.
759 3493 800 3548 Cl.
822 3493 915 3549 Huber
936 3494 958 3565 1,
979 3511 1007 3566 p.
1028 3486 1098 3552 226.

293 3595 376 3652 Fabio
399 3612 493 3651 rursus
516 3601 544 3650 ct
565 3595 678 3668 Catoni,
708 3603 737 3652 ut
768 3596 834 3652 viris
864 3597 980 3670 autiquae
1002 3597 1066 3654 ndei
1087 3603 1115 3652 et
1135 3595 1315 3670 simplicitatis

209 3699 284 3766 (Juv.
306 3699 365 3769 Vll,
387 3692 438 3769 95,
460 3698 495 3769 ll,
516 3693 582 3771 40),
605 3706 782 3774 opponuntur
799 3700 931 3756 eiusmodi
949 3701 1070 3758 aularum
1088 3700 1224 3772 magistri,
1246 3697 1316 3756 Catii

210 3811 238 3861 et
263 3801 420 3873 Corydonis
447 3801 557 3858 nomine
584 3802 719 3876 insigniti,
753 3821 867 3876 quorum
894 3801 1070 3876 Corydonem
1098 3804 1181 3860 etiam
1201 3803 1252 3878 Ep.
1273 3796 1314 3860 82

209 3907 337 3964 nominat.
366 3903 457 3962 Catius
479 3905 712 3978 eralEpicureus,
734 3906 779 3978 qui
791 3907 862 3972 (Cic.
885 3907 919 3963 ad
933 3907 1005 3964 Fam.
1028 3905 1092 3979 XV,
1117 3899 1179 3972 16.)
1201 3897 1314 3964 εἴδωλα

210 4012 257 4068 illa
278 4007 390 4082 Epicuri
411 4015 519 4081 spectro
540 4009 708 4082 nominabat,
731 4027 816 4082 quare
837 4011 892 4068 boo
914 4012 1022 4068 nomine
1043 4009 1163 4083 speciem
1179 4017 1209 4066 et
1229 4011 1314 4068 simu-

209 4114 338 4171 lationem
360 4111 474 4172 indicari
496 4113 639 4186 suspicor,
668 4112 746 4170 simul
768 4118 856 4169 autem
879 4113 1013 4184 astutiam,
1035 4112 1098 4186 quic
1120 4113 1199 4171 vocis
1221 4113 1314 4170 rcdice
