2914 4996
687 445 766 520 Vlll

175 651 280 708 noster
300 645 435 728 magistri
457 663 495 709 ea
516 651 614 708 seinte
635 647 758 710 Parisiis
778 644 935 728 principis,
956 643 1036 706 Petri
1046 641 1218 718 ionburdi,
1239 659 1280 702 ne

176 750 272 814 verbo
294 749 416 831 quidem
443 751 628 814 mentionem
654 751 727 814 iacit
752 757 784 812 et
809 767 872 812 uon
898 748 992 810 nntto
1024 752 1097 829 post
1115 746 1281 808 litterum

178 853 395 931 conditionem,
417 854 629 934 qunei’arisiis
650 855 813 933 obtinebat,
838 855 962 916 sunnis
982 851 1121 914 liuddus
1142 847 1230 912 eiiert
1249 849 1283 908 in

177 958 308 1044 epistole
329 957 368 1020 ud
390 957 536 1022 Tbonrenr
558 975 585 1020 u
610 958 690 1020 1164
711 959 742 1020 in
763 958 856 1022 eniiio
876 958 989 1038 scriptu
1020 954 1184 1034 (bouquet
1202 951 1282 1014 xib

176 1083 206 1146 p.
224 1061 313 1138 505).
346 1062 394 1125 De
405 1061 540 1126 boberto
562 1068 594 1124 et
612 1062 756 1126 litteraris
770 1061 909 1124 oxoniae
925 1059 1101 1123 conditione
1120 1062 1230 1139 poster
1249 1056 1283 1116 in

177 1165 399 1230 commentariis
414 1164 512 1228 insius
529 1182 629 1247 agam,
649 1165 700 1229 bie
721 1165 852 1228 suiieiut
866 1165 1077 1246 gravissimum
1093 1160 1167 1224 iilud
1183 1176 1282 1240 ugu-

177 1275 324 1348 mentun,
352 1269 436 1350 quod
463 1269 502 1334 de
530 1271 588 1335 ulie
614 1271 690 1336 urbe
718 1273 847 1354 eogitari
873 1272 987 1352 nequit
1035 1269 1176 1351 bugum
1202 1268 1284 1328 enirn

177 1381 286 1439 suewr
305 1389 369 1436 nou
380 1371 553 1454 reliquerat,
575 1374 606 1437 in
623 1374 734 1456 Angiie
754 1393 831 1438 vero
848 1375 930 1438 nullu
945 1375 1122 1438 seboiutnnr
1137 1371 1285 1452 frequens

178 1483 211 1542 et
231 1476 362 1540 celebris
384 1483 451 1540 erut
470 1483 592 1559 praeter
603 1477 762 1542 Onouiunt.
806 1479 876 1554 Quo
898 1479 1032 1559 denique
1051 1478 1099 1540 vir
1119 1476 1285 1538 titenrnn

178 1581 399 1646 amarissimus
438 1580 635 1663 uonbngeret,
678 1583 753 1661 nisi,
796 1582 847 1646 ubi
886 1580 991 1644 litteris
1022 1581 1175 1662 refugium
1218 1585 1287 1640 erut

177 1692 326 1770 peretum,
347 1683 398 1748 ubi
418 1685 487 1766 ipse
509 1691 597 1749 untes
617 1687 649 1748 iu
670 1687 783 1750 litteras
804 1685 1007 1749 incubuerat?

262 1789 330 1854 June
351 1787 390 1850 ud
410 1785 606 1854 Entdetiouor
625 1796 762 1854 nostrum
783 1789 997 1872 pervenimus,
1025 1790 1077 1869 qui
1104 1795 1135 1852 et
1161 1789 1228 1870 ipse
1255 1789 1287 1848 in

179 1891 275 1955 irrisos
297 1891 500 1974 philosophos
521 1892 687 1971 invehitur,
715 1895 767 1974 qui
788 1895 820 1955 in
840 1892 951 1956 eodem
972 1893 1145 1955 docentium
1166 1898 1197 1954 et
1218 1890 1287 1953 dis-

179 1996 311 2059 centium
324 1995 603 2075 turbineversutur‚
626 1999 677 2078 qui
695 1998 826 2062 eundem
839 1998 976 2080 denique
995 2015 1103 2060 vanam
1121 1995 1288 2058 duob-inem

180 2102 345 2182 impugnat,
367 2117 456 2180 quam
466 2099 679 2183 btetdogieus,
703 2119 885 2184 quamquem
895 2101 1072 2165 Entbetieus
1092 2115 1287 2164 rerumoou-

181 2205 325 2268 ditionem
345 2203 443 2284 magis
464 2203 496 2266 in
517 2205 694 2267 universum
714 2207 874 2288 vituperet,
895 2204 986 2268 sirnul
1007 2204 1045 2267 ed
1066 2205 1152 2286 prius
1163 2210 1288 2284 tempus

182 2310 279 2391 magis
310 2307 452 2390 respicit,
484 2325 574 2388 quum
601 2313 716 2370 eertum
740 2309 911 2392 praesentis
943 2310 1091 2390 temporis
1123 2325 1289 2391 personum

182 2413 395 2496 persequitur,
427 2416 549 2474 utnon
577 2409 698 2474 difficile
731 2397 771 2475 sit
797 2413 940 2494 oogrdtu,
972 2430 1043 2476 eum
1070 2412 1180 2476 eodem
1206 2411 1291 2490 loeo,

180 2516 290 2580 eodem
311 2521 405 2594 statu,
428 2513 485 2577 sed
505 2513 597 2596 paulo
620 2519 689 2576 unte
708 2513 923 2598 Metulogioum
944 2531 1015 2578 esse
1035 2517 1191 2598 seriptum,
1208 2514 1293 2596 quod

180 2619 328 2684 uffinnent
355 2635 470 2683 versus
504 2616 581 2680 1531
613 2623 644 2680 et
672 2617 866 2684 reuertenti
893 2638 942 2682 vv.
967 2618 1208 2698 1635-1640,
1240 2619 1292 2699 qui

184 2729 340 2788 auctorem
367 2721 503 2786 nondum
525 2721 715 2784 Cuntueriam
736 2722 865 2801 redisse,
885 2721 942 2786 sed
963 2727 996 2785 ut
1015 2723 1139 2802 rediret,
1155 2725 1218 2805 jem
1238 2724 1293 2786 in-

181 2830 304 2892 vitatum
328 2826 506 2892 ostendunt.
548 2824 645 2887 Etiam
665 2827 827 2890 similitudo
849 2826 999 2910 quaedem
1008 2827 1168 2890 Eutbetieo
1185 2833 1293 2891 nostro

186 2931 337 2996 ntereedit
358 2949 426 2996 oum
447 2928 636 2992 Policratieo.
678 2929 793 2994 Eadem
814 2931 1125 3014 rerumpublicarum
1148 2937 1178 2994 et
1198 2930 1285 2992 litte-

184 3038 331 3102 rariorum
353 3033 539 3116 conjunctio,
561 3031 652 3096 iidem
674 3035 771 3113 amici,
793 3034 885 3098 iidem
902 3035 1077 3099 adversarii.
1121 3034 1185 3100 Sed
1217 3054 1290 3098 mu-

187 3158 284 3224 gnum
306 3140 395 3202 etiem
417 3141 464 3200 est
484 3134 662 3199 discrimem
684 3136 744 3200 illio
765 3138 831 3203 iere
851 3139 981 3204 ridendo
1004 3139 1076 3203 dieii
1095 3157 1219 3218 verum,
1241 3141 1292 3202 bie

189 3261 272 3308 nuno
302 3245 347 3306 ire
379 3237 564 3318 incenditur,
601 3256 683 3302 nune
714 3241 745 3302 in
781 3241 1025 3306 lamentationem
1051 3245 1195 3325 erumpit,
1233 3244 1295 3306 iliic

188 3349 336 3413 universo
357 3361 459 3408 rerum
482 3340 686 3404 conditionem
708 3343 874 3424 adumbret,
894 3346 946 3408 bio
958 3344 1088 3427 Angliue
1108 3353 1218 3410 statum
1238 3365 1294 3410 re-

190 3453 294 3537 spicit,
325 3465 448 3531 regem,
476 3462 565 3526 quem
592 3445 652 3508 illio
678 3450 801 3511 summis
828 3449 967 3514 laudibus
989 3448 1092 3530 eiiert,
1124 3451 1174 3514 hio
1205 3452 1294 3515 tacite

191 3555 288 3638 tangit
310 3558 341 3616 et
361 3555 459 3614 semet
485 3549 585 3631 ipsum
606 3549 647 3612 ite
669 3550 772 3614 amieis
794 3551 982 3632 destitutum,
1003 3555 1044 3618 ite
1064 3555 1156 3618 rebus
1180 3554 1293 3618 edver-

188 3664 230 3726 sis
253 3657 476 3723 conflictantem
497 3651 620 3731 inducit,
652 3653 750 3734 sicuti,
773 3666 840 3720 curn
873 3659 956 3740 regis
989 3659 1086 3740 gratio
1108 3665 1241 3736 cureret,
1264 3661 1295 3722 in

189 3763 326 3849 epistolis
350 3758 494 3841 queritur.

291 3939 349 3978 runt
369 3935 464 3976 nomen
483 3927 539 3973 tum
558 3924 636 3974 etium
660 3923 686 3973 in
705 3938 799 3988 genere
818 3928 849 3980 de
868 3929 1081 3992 praeceptoribus
1095 3929 1122 3979 in
1134 3943 1186 3981 usu
1201 3931 1295 3983 tuisse.

201 4071 203 4078 y
292 4016 331 4066 Gi.
347 4013 442 4062 Petrus
459 4011 530 4061 stes.
548 4009 597 4073 Ep.
609 4008 665 4061 tto.
683 4011 751 4064 bier.
769 4013 838 4064 Bibi.
856 4015 973 4068 Petrum.
991 4015 1157 4067 Vobxxiv.
1176 4031 1202 4080 p.
1223 4017 1295 4069 1052.

292 4103 349 4154 Non
368 4098 434 4150 setis
451 4101 571 4149 uecurnto
594 4098 627 4148 de
653 4097 700 4150 buo
717 4113 745 4150 ro
763 4100 816 4162 ogit
831 4101 957 4162 Munere,
984 4102 1142 4154 Gesobiehte
1165 4105 1212 4156 der
1228 4105 1296 4157 Eut-

241 4199 243 4206 ·
294 4187 407 4248 etebnng
429 4185 483 4236 und
500 4183 699 4248 iintwiokoiuuq
721 4186 767 4238 der
791 4187 876 4240 huben
894 4188 1018 4244 Sebuieu.
1061 4189 1176 4240 ltd.111.
1194 4202 1220 4251 p.
1238 4187 1296 4240 221.
