2912 4976
620 429 822 544 ms-

601 671 635 727 V.
659 667 719 729 773
732 665 842 730 -806,

529 837 697 898 secunus
733 839 915 897 cocuntium.

633 1053 820 1062 m

250 1237 363 1295 Etiamsi
380 1238 436 1308 jnm
458 1237 632 1311 desperamus
651 1238 744 1298 tonus
765 1239 889 1312 operire,
917 1254 934 1294 o
955 1237 1053 1310 quihus
1080 1236 1201 1294 hauserit
1219 1237 1275 1293 io-

165 1339 288 1413 hannes,
317 1341 452 1398 interdum
475 1347 563 1398 temen
585 1342 718 1416 suspicari
745 1359 904 1416 possumus,
931 1341 1002 1398 uude
1028 1340 1079 1412 ipsi
1100 1340 1169 1398 fonti
1195 1341 1276 1414 copis

167 1460 218 1500 sua
248 1445 440 1517 suppetivorit
494 1444 561 1503 Cum
594 1445 755 1504 Ciceronem
787 1452 814 1504 et
838 1445 981 1520 Apuleium
1010 1445 1149 1502 iohannes
1182 1451 1276 1502 noster

168 1547 315 1618 diligenter
330 1549 445 1620 tegeret,
467 1566 547 1622 quam
563 1549 672 1608 Socrati
688 1549 782 1606 tribuit
802 1550 836 1606 de
849 1549 985 1606 hominum
1008 1548 1101 1605 animis
1113 1547 1276 1619 doctrinam,

167 1667 203 1706 ex
225 1649 305 1707 huius
331 1649 375 1708 De
395 1651 457 1708 Deo
477 1651 612 1710 Socratis
632 1652 704 1708 libro
732 1654 777 1709 vei
799 1670 814 1708 e
837 1651 978 1710 Ciceronis
999 1652 1101 1723 Laelio,
1124 1668 1149 1708 c.
1172 1646 1202 1722 4,
1227 1645 1276 1722 13,

167 1753 373 1826 deprompsisse
384 1755 471 1812 videri
486 1760 593 1828 potest,
614 1772 709 1824 verum
727 1755 798 1814 enim
808 1771 876 1812 vero
893 1771 948 1811 non
964 1753 1050 1828 ipsum
1061 1755 1221 1813 Ciceronem
1232 1756 1276 1812 vei

167 1857 323 1930 Apuleium,
344 1858 483 1916 sedatium
493 1858 602 1932 Apuleii
619 1875 674 1932 ope
692 1859 762 1916 hanc
777 1859 929 1917 doctrinam
956 1858 1143 1931 composuisse
1164 1859 1276 1932 opinor,

167 1977 224 2018 nou
247 1963 325 2035 quia,
352 1969 383 2018 ut
402 1961 571 2034 Augustinus
593 1963 627 2019 de
650 1963 708 2021 Ciu.
731 1964 781 2021 Dei
801 1963 879 2034 vill,
908 1956 946 2019 14
967 1969 1043 2019 recto
1064 1969 1171 2034 monet,
1197 1962 1276 2034 Apu-

167 2065 238 2123 leius
265 2065 370 2122 animos
397 2065 544 2122 daemones
571 2065 659 2122 credit
689 2083 706 2124 c
731 2067 788 2124 Diis
815 2066 957 2137 diversos,
989 2067 1038 2122 sed
1070 2065 1276 2139 quiesceretis

167 2168 320 2226 doctrinam
343 2185 403 2226 cum
424 2168 577 2226 christiana
604 2169 714 2226 mixtam
741 2187 802 2226 esse
827 2171 968 2242 sequentia
995 2169 1136 2227 manifeste
1162 2169 1275 2241 docent,

168 2273 197 2330 id
224 2273 299 2345 quod
325 2272 360 2328 ab
382 2271 504 2328 auctoris
531 2273 620 2329 nostri
645 2273 786 2344 diligentie
813 2279 841 2328 et
866 2273 918 2328 inde
945 2272 1061 2329 alienum
1083 2277 1134 2328 est.
1177 2272 1275 2328 Rerum

167 2377 332 2434 naturalium
360 2375 477 2434 studium
505 2391 522 2432 e
542 2376 660 2433 Socrate
682 2391 742 2432 esse
764 2381 961 2449 contemptum,
983 2376 1053 2432 inter
1079 2375 1150 2433 aiios
1175 2374 1275 2432 Cicero

167 2480 253 2538 docet
273 2470 381 2536 Tuscul.
403 2479 439 2549 V,
461 2475 492 2551 4,
516 2474 555 2538 10
576 2485 605 2536 ct
623 2479 710 2536 Acsd.
732 2479 755 2550 1,
776 2474 809 2551 A,
832 2474 880 2537 15.

600 3073 634 3132 V.
650 3067 836 3134 807-820.

495 3239 733 3298 ANAXAGORAF.
765 3239 946 3298 coetuum.

638 3450 812 3464 Ἤ

249 3639 291 3695 Ex
318 3638 417 3712 ignoto
445 3638 521 3695 fonte
550 3640 631 3696 etiem
652 3641 818 3714 repetenda,
843 3655 913 3711 quae
933 3638 1119 3711 Anaxagorae
1146 3638 1273 3694 tribuitur

163 3741 200 3796 de
226 3743 317 3800 animo
343 3745 461 3800 humano
487 3743 628 3798 sententia.
671 3742 810 3814 Loquendi
842 3743 930 3814 ratio,
952 3743 1066 3799 caimos
1088 3759 1127 3798 ec
1149 3741 1274 3799 traduce

161 3847 259 3916 nasci,
282 3847 374 3918 arguit
395 3852 552 3917 auctorem,
580 3861 659 3918 quem
681 3847 802 3919 sequitur
823 3845 974 3916 iohannes,
1001 3845 1085 3902 fuisse
1111 3846 1273 3918 participem
1336 3848 1338 3852 ’

162 3947 237 4004 illins
262 3955 368 4020 patrum
391 3948 426 4004 ds
449 3948 530 4004 animi
552 3949 661 4020 origiue
683 3949 899 4005 controversiae.
936 3949 1022 4016 Quam
1044 3963 1105 4004 cum
1131 3948 1272 4006 hocloco

161 4067 239 4124 suam
265 4052 363 4123 iaciat,
393 4051 578 4124 Pythagoram
600 4058 628 4107 et
649 4053 792 4108 Socratem
813 4057 844 4106 ut
864 4051 1027 4107 lndueisnos
1052 4050 1152 4122 reiicit,
1173 4049 1275 4124 qnippe

161 4155 210 4228 qui
232 4154 337 4214 animos
358 4171 374 4211 e
396 4155 477 4213 coeio
499 4155 660 4228 incorpora
682 4155 819 4214 hominum
833 4154 925 4212 induci
945 4155 1011 4226 (per
1025 4153 1149 4210 inducero
1165 4153 1275 4221 venire)
