2912 4976
687 377 761 454 125

167 580 282 646 (catus)
305 579 402 637 menda
423 595 536 639 acumen
557 582 735 655 significatur.
778 583 935 658 Corydonis
956 582 1066 640 aomina
1086 599 1141 640 non
1164 582 1271 658 simpli-

165 700 225 741 cem
247 685 401 757 hominem,
429 690 460 742 ut
485 685 558 760 apud
583 685 645 744 lus.
671 685 722 760 tx,
746 681 820 760 102,
846 689 895 746 sad
915 687 1026 760 Virgilii
1047 686 1145 762 Eulog.
1168 687 1192 744 ll
1218 702 1271 743 ex·

165 789 258 861 amplo
281 789 417 846 hominem
440 806 535 848 amore
556 792 708 849 dementem
729 791 846 849 indicari
867 791 977 865 opinor.

250 893 303 961 Qui
320 894 417 952 deinde
440 895 634 952 adumbrantur
656 895 840 970 hospitiorum
850 894 981 968 praesidas
992 893 1090 952 Barim
1111 893 1269 964 silluvius,

163 995 332 1053 inducuntur
352 997 418 1070 ipsis
446 997 599 1054 nominibus
622 1005 652 1056 ut
673 999 743 1055 male
764 997 854 1070 docti,
885 998 949 1055 sani
975 1005 1003 1055 et
1024 1003 1203 1070 arrogantes,
1235 997 1270 1054 ad

165 1099 419 1173 reprehendendum
440 1101 647 1175 propensiores.
690 1100 734 1158 nd
754 1117 827 1158 vers.
849 1095 890 1158 90
911 1102 969 1158 licl.
992 1100 1029 1158 lll
1049 1101 1170 1174 Virgilii:

250 1203 321 1273 ,Qui
341 1205 452 1261 Bavium
473 1221 530 1261 uon
551 1203 621 1277 odit,
642 1211 714 1262 amat
735 1210 780 1262 tua
803 1205 931 1276 carmina,
952 1203 1065 1276 blaevi“,

164 1307 279 1364 Servius
302 1307 429 1365 adnotat:
458 1307 532 1378 „l’ro
555 1323 635 1380 paena
658 1307 684 1365 ei
705 1309 857 1381 continget,
879 1314 909 1365 nt
928 1309 1025 1381 diligat
1045 1309 1167 1366 blaviam
1188 1309 1270 1384 peio-

165 1427 224 1467 rem
246 1417 367 1483 poetam.
409 1411 475 1466 Nam
496 1411 606 1468 ldmuius
628 1417 657 1468 et
677 1412 775 1468 Bauius
796 1411 906 1484 pessimi
931 1412 1040 1470 luerunt
1059 1417 1149 1485 poeto
1170 1412 1270 1470 inimici

163 1521 217 1570 mm
229 1513 349 1585 Horatii,
372 1530 452 1586 quam
463 1511 599 1586 Virgilii.“
621 1515 753 1572 ciserae
776 1515 925 1587 adlieorg.
941 1517 964 1588 l,
985 1509 1054 1572 210.
1076 1514 1270 1590 horatiani(

163 1617 382 1675 liaeviincmine
403 1619 501 1674 malum
522 1624 633 1691 poetam
644 1623 764 1674 ceterum
786 1618 921 1676 homiuem
943 1619 1269 1692 innocentemsignilicah

162 1720 294 1777 Martialis
316 1719 353 1792 X,
376 1716 425 1777 76.

246 1825 356 1880 Auctor
383 1825 407 1880 si
433 1823 558 1882 Oxoniac
584 1824 655 1880 inter
683 1823 866 1882 universitatis
887 1824 980 1882 socios
1007 1824 1170 1898 aliquamdiu
1190 1823 1269 1896 vixit,

163 1927 353 1998 quarendum,
375 1934 463 1984 utrum
476 1928 600 2000 magistri
621 1945 655 1984 an
676 1928 811 1985 scholaris
832 1934 924 2000 partes
946 1929 1045 2000 egerit,
1066 1929 1140 2001 quod
1161 1928 1268 2001 quidem

162 2045 218 2088 noa
233 2030 315 2103 parvi
336 2037 378 2087 est
399 2031 529 2088 momenti
549 2031 583 2088 ad
594 2032 720 2088 carminis
741 2031 828 2089 nostri
848 2032 939 2088 locum
960 2039 1037 2089 recte
1057 2032 1267 2104 intelligendum.

163 2134 272 2190 Parisiis
295 2135 401 2207 quidem
424 2143 542 2206 quatuor
564 2136 639 2192 annis
662 2142 726 2208 post
747 2136 821 2192 velat
842 2136 976 2192 scholaris
997 2136 1073 2192 vixit.
1115 2135 1177 2208 lpse
1198 2137 1268 2192 enim

164 2238 273 2294 Thomu
294 2236 504 2310 archiepiscopo
530 2238 626 2294 scribit
646 2239 754 2312 (bouq.
775 2238 856 2311 XVI,
887 2257 931 2313 ep.
956 2233 1003 2310 17,
1025 2257 1052 2313 p.
1074 2233 1174 2306 508J:
1207 2239 1268 2310 ,Sic

163 2357 233 2414 crgo
267 2341 381 2398 discessi
407 2341 591 2398 instructusa
623 2342 720 2414 vobis,
747 2351 777 2400 ut
797 2343 905 2400 Parisiis
931 2344 1022 2400 sedem
1043 2345 1155 2414 ligerem
1177 2349 1205 2400 et
1225 2359 1268 2400 mc

165 2446 304 2502 studerem
330 2444 440 2501 omnino
469 2444 640 2501 scholaribus
668 2444 865 2502 conformare?
907 2447 996 2502 Primo
1024 2446 1131 2518 quidem
1153 2445 1267 2516 credidi,

164 2565 179 2605 e
205 2555 303 2606 nostro
336 2549 402 2605 loco
430 2563 580 2621 apparere,
613 2565 673 2605 eum
700 2549 780 2606 etiam
808 2548 932 2606 Oxoniaa
963 2549 1128 2606 scholarium
1160 2549 1267 2606 ratione

163 2655 266 2710 uixisse
291 2654 362 2710 iuter
383 2669 520 2726 pauperes
542 2652 660 2709 fortasse
681 2653 822 2709 scholares
843 2659 997 2726 receptum,
1019 2669 1087 2724 quos
1109 2653 1217 2725 quidem
1239 2653 1266 2708 in

168 2759 297 2830 Collegio
325 2757 384 2815 Soti
410 2756 523 2827 Georgii
554 2754 589 2811 ad
620 2756 760 2812 castellnm
784 2756 888 2812 uixbsa
913 2757 1025 2826 scimus,
1056 2755 1151 2812 Wood
1178 2754 1212 2812 ad
1239 2773 1264 2812 a.

166 2856 260 2933 1120,
272 2861 365 2917 Huber
376 2861 398 2932 1,
410 2876 438 2932 p.
452 2851 492 2916 73
500 2851 583 2914 erbo.
606 2858 661 2916 Sed
672 2859 696 2915 si
705 2859 839 2917 scholaris
850 2859 955 2930 luisset,
966 2858 1032 2931 quid
1042 2859 1229 2917 aemulationis
1240 2860 1266 2916 ei

164 2965 363 3022 intercessisset
374 2981 434 3020 cnm
445 2961 583 3035 magistris
594 2970 622 3018 et
636 2963 818 3035 hospitiorum
837 2962 1019 3036 praesidibus?
1040 2963 1079 3018 Nc
1091 2964 1154 3034 quid
1165 2963 1266 3020 nomini

164 3068 387 3125 tribueravidcar
399 3067 523 3138 magistri
534 3066 608 3140 (ipse
618 3066 689 3122 enim
700 3066 831 3137 magister
841 3066 876 3120 ab
888 3065 947 3122 aliis
959 3067 1144 3139 appellaturet
1154 3083 1265 3138 cogne-

163 3171 340 3244 minaturlip.
365 3165 411 3228 19.
433 3163 532 3238 (149.)
557 3169 644 3242 Bouq.
666 3168 742 3240 Xlll,
763 3186 790 3241 p.
813 3162 899 3241 509),
926 3169 961 3225 ad
982 3169 1173 3241 lletalogicum
1195 3188 1265 3242 pro-

162 3293 253 3346 voco,
276 3275 352 3332 cuius
373 3275 509 3345 Prologus
530 3288 581 3329 uos
608 3273 691 3329 docet
712 3279 851 3328 auctorem
874 3273 988 3330 Oxoniae
1009 3289 1068 3329 cum
1095 3274 1265 3346 professori-

163 3380 213 3436 bus
235 3386 264 3436 et
290 3378 427 3450 magistris
453 3377 604 3450 disputasse
626 3383 654 3432 et
673 3377 750 3432 hisce
775 3376 1002 3449 disputationibus
1024 3392 1118 3434 eorum
1140 3377 1264 3434 simulta-

162 3490 216 3540 tem
228 3482 376 3554 excitasse,
396 3481 479 3555 idque
490 3496 524 3537 eo
543 3481 628 3536 minas
645 3479 830 3550 dubitandum,
847 3479 978 3552 siqnidem
990 3495 1024 3534 ax
1041 3479 1100 3535 aliis
1110 3481 1264 3552 lletalogici

163 3587 234 3644 locis
263 3593 387 3658 constat,
413 3601 475 3642 eum
491 3586 558 3657 jam,
584 3600 644 3640 cum
666 3583 755 3656 primo
778 3581 893 3638 Oxoniae
914 3588 1088 3654 moraretur,
1103 3599 1159 3639 non
1181 3584 1263 3642 modo

162 3691 190 3747 in
211 3691 317 3747 litteras
338 3688 495 3746 incubuisse
516 3688 638 3760 aliosque
659 3687 777 3758 audisse,
797 3686 847 3743 sed
857 3685 980 3758 magistri
1001 3692 1029 3741 et
1048 3687 1182 3743 bonorem
1203 3703 1265 3744 csse

163 3801 315 3851 assecutum
338 3799 366 3850 et
387 3791 483 3850 officiis
505 3808 566 3848 esse
586 3791 716 3847 iunctum.
759 3790 822 3862 lpse
844 3788 914 3844 enim
934 3788 1028 3860 reiart,
1050 3805 1081 3844 sa
1102 3789 1128 3844 in
1150 3791 1263 3862 patriam

163 3899 283 3968 redisse,
305 3903 335 3953 ut
356 3895 474 3954 cilicium
497 3895 622 3953 docentis
646 3892 862 3966 aggrederetur,
889 3891 951 3947 liet
973 3891 1007 3947 11.
1033 3885 1080 3946 10.
1124 3891 1262 3950 lohannes

163 4000 385 4060 nosterOxouim
408 4017 423 4056 a
445 3999 566 4072 collegio
588 3999 705 4072 quodam
726 3996 929 4070 magistrorum,
951 3994 998 4068 qui
1018 3995 1134 4067 praeside
1156 4001 1184 4052 et
1205 3998 1262 4054 dis·

163 4110 293 4180 pensante
326 4103 426 4162 Carino
459 4117 627 4160 communem
660 4101 741 4159 vitam
773 4099 906 4172 agebant,
938 4098 1024 4171 qualis
1057 4115 1071 4154 a
1103 4099 1213 4157 lluhero
1239 4101 1262 4172 l,

964 4193 1027 4254 10i
