<?xml version="1.0" encoding="UTF-8"?>
<!DOCTYPE html PUBLIC "-//W3C//DTD XHTML 1.0 Transitional//EN"
    "http://www.w3.org/TR/xhtml1/DTD/xhtml1-transitional.dtd">
<html xmlns="http://www.w3.org/1999/xhtml" xml:lang="en" lang="en">
 <head>
  <title>
</title>
<meta http-equiv="Content-Type" content="text/html;charset=utf-8" />
  <meta name='ocr-system' content='tesseract 3.04.00' />
  <meta name='ocr-capabilities' content='ocr_page ocr_carea ocr_par ocr_line ocrx_word'/>
</head>
<body>
  <div class='ocr_page' id='page_1' title='image "./johannissaresbe00johngoog/johannissaresbe00johngoog_0130.png"; bbox 0 0 2912 4976; ppageno 0'>
   <div class='ocr_carea' id='block_1_1' title="bbox 616 439 821 554">
    <p class='ocr_par' dir='ltr' id='par_1_1' title="bbox 616 439 821 554">
     <span class='ocr_line' id='line_1_1' title="bbox 616 439 821 554; baseline 0 -39"><span class='ocrx_word' id='word_1_1' title='bbox 616 439 821 554; x_wconf 37' lang='lat' dir='ltr'><strong>*san—</strong></span> 
     </span>
    </p>
   </div>
   <div class='ocr_carea' id='block_1_2' title="bbox 165 637 1271 1965">
    <p class='ocr_par' dir='ltr' id='par_1_2' title="bbox 165 637 1271 1965">
     <span class='ocr_line' id='line_1_2' title="bbox 168 637 1270 718; baseline -0.005 -16"><span class='ocrx_word' id='word_1_2' title='bbox 168 645 282 704; x_wconf 89' lang='lat' dir='ltr'><strong>destiam</strong></span> <span class='ocrx_word' id='word_1_3' title='bbox 298 645 390 703; x_wconf 86' lang='lat' dir='ltr'><strong>laudnt</strong></span> <span class='ocrx_word' id='word_1_4' title='bbox 405 651 485 718; x_wconf 81' lang='lat' dir='ltr'><strong>atque</strong></span> <span class='ocrx_word' id='word_1_5' title='bbox 503 660 579 703; x_wconf 86' lang='lat' dir='ltr'><strong>suam</strong></span> <span class='ocrx_word' id='word_1_6' title='bbox 600 645 665 704; x_wconf 88' lang='lat' dir='ltr'><strong>iacit</strong></span> <span class='ocrx_word' id='word_1_7' title='bbox 686 647 721 703; x_wconf 85' lang='lat' dir='ltr'><strong>ci.</strong></span> <span class='ocrx_word' id='word_1_8' title='bbox 737 645 839 704; x_wconf 78' lang='lat' dir='ltr'><strong>Potior.</strong></span> <span class='ocrx_word' id='word_1_9' title='bbox 861 645 896 718; x_wconf 86' lang='lat' dir='ltr'><strong>lt,</strong></span> <span class='ocrx_word' id='word_1_10' title='bbox 918 637 959 702; x_wconf 76' lang='lat' dir='ltr'><strong>th</strong></span> <span class='ocrx_word' id='word_1_11' title='bbox 980 649 1008 702; x_wconf 91' lang='lat' dir='ltr'><strong>et</strong></span> <span class='ocrx_word' id='word_1_12' title='bbox 1029 643 1090 715; x_wconf 83' lang='lat' dir='ltr'><strong>vti,</strong></span> <span class='ocrx_word' id='word_1_13' title='bbox 1114 637 1126 700; x_wconf 87' lang='lat'>1</span> <span class='ocrx_word' id='word_1_14' title='bbox 1152 646 1180 700; x_wconf 89' lang='lat' dir='ltr'><strong>et</strong></span> <span class='ocrx_word' id='word_1_15' title='bbox 1202 641 1270 699; x_wconf 85' lang='lat' dir='ltr'><strong>inira</strong></span> 
     </span>
     <span class='ocr_line' id='line_1_3' title="bbox 167 741 1270 822; baseline -0.001 -18"><span class='ocrx_word' id='word_1_16' title='bbox 167 765 193 806; x_wconf 89' lang='lat' dir='ltr'><strong>v.</strong></span> <span class='ocrx_word' id='word_1_17' title='bbox 219 741 300 806; x_wconf 83' lang='lat'>1139</span> <span class='ocrx_word' id='word_1_18' title='bbox 320 765 380 822; x_wconf 78' lang='lat' dir='ltr'><strong>sqq.</strong></span> <span class='ocrx_word' id='word_1_19' title='bbox 423 748 552 807; x_wconf 82' lang='lat' dir='ltr'><strong>Novimus</strong></span> <span class='ocrx_word' id='word_1_20' title='bbox 573 747 654 806; x_wconf 82' lang='lat' dir='ltr'><strong>simili</strong></span> <span class='ocrx_word' id='word_1_21' title='bbox 675 749 783 808; x_wconf 88' lang='lat' dir='ltr'><strong>ratione</strong></span> <span class='ocrx_word' id='word_1_22' title='bbox 803 748 985 808; x_wconf 79' lang='lat' dir='ltr'><strong>hhaeiardnm</strong></span> <span class='ocrx_word' id='word_1_23' title='bbox 1006 763 1063 806; x_wconf 91' lang='lat' dir='ltr'><strong>non</strong></span> <span class='ocrx_word' id='word_1_24' title='bbox 1083 747 1170 804; x_wconf 88' lang='lat' dir='ltr'><strong>minas</strong></span> <span class='ocrx_word' id='word_1_25' title='bbox 1190 761 1270 820; x_wconf 84' lang='lat' dir='ltr'><strong>quam</strong></span> 
     </span>
     <span class='ocr_line' id='line_1_4' title="bbox 165 851 1271 927; baseline -0.003 -18"><span class='ocrx_word' id='word_1_26' title='bbox 165 853 311 925; x_wconf 78' lang='lat' dir='ltr'><strong>flugomm</strong></span> <span class='ocrx_word' id='word_1_27' title='bbox 331 867 348 910; x_wconf 83' lang='lat' dir='ltr'><strong>a</strong></span> <span class='ocrx_word' id='word_1_28' title='bbox 369 854 472 910; x_wconf 78' lang='lat' dir='ltr'><strong>Sancto</strong></span> <span class='ocrx_word' id='word_1_29' title='bbox 493 853 609 911; x_wconf 82' lang='lat' dir='ltr'><strong>Victore</strong></span> <span class='ocrx_word' id='word_1_30' title='bbox 631 853 777 912; x_wconf 86' lang='lat' dir='ltr'><strong>dnotnasse</strong></span> <span class='ocrx_word' id='word_1_31' title='bbox 802 853 875 912; x_wconf 88' lang='lat' dir='ltr'><strong>inter</strong></span> <span class='ocrx_word' id='word_1_32' title='bbox 900 853 1049 927; x_wconf 82' lang='lat' dir='ltr'><strong>perdoctam</strong></span> <span class='ocrx_word' id='word_1_33' title='bbox 1077 851 1216 909; x_wconf 83' lang='lat' dir='ltr'><strong>scientiam</strong></span> <span class='ocrx_word' id='word_1_34' title='bbox 1243 853 1271 906; x_wconf 85' lang='lat' dir='ltr'><strong>et</strong></span> 
     </span>
     <span class='ocr_line' id='line_1_5' title="bbox 165 954 1270 1030; baseline -0.003 -16"><span class='ocrx_word' id='word_1_35' title='bbox 165 956 335 1029; x_wconf 68' lang='lat' dir='ltr'><strong>cognitionis</strong></span> <span class='ocrx_word' id='word_1_36' title='bbox 361 955 556 1028; x_wconf 75' lang='lat' dir='ltr'><strong>infirmitatem,</strong></span> <span class='ocrx_word' id='word_1_37' title='bbox 588 972 747 1030; x_wconf 86' lang='lat' dir='ltr'><strong>quamquam</strong></span> <span class='ocrx_word' id='word_1_38' title='bbox 773 957 906 1016; x_wconf 84' lang='lat' dir='ltr'><strong>Johannis</strong></span> <span class='ocrx_word' id='word_1_39' title='bbox 932 955 1022 1014; x_wconf 73' lang='lat' dir='ltr'><strong>nothi</strong></span> <span class='ocrx_word' id='word_1_40' title='bbox 1052 954 1185 1012; x_wconf 78' lang='lat' dir='ltr'><strong>sentemia</strong></span> <span class='ocrx_word' id='word_1_41' title='bbox 1216 959 1270 1012; x_wconf 86' lang='lat' dir='ltr'><strong>tam</strong></span> 
     </span>
     <span class='ocr_line' id='line_1_6' title="bbox 166 1057 1271 1133; baseline -0.004 -15"><span class='ocrx_word' id='word_1_42' title='bbox 166 1062 253 1133; x_wconf 86' lang='lat' dir='ltr'><strong>clara,</strong></span> <span class='ocrx_word' id='word_1_43' title='bbox 279 1073 358 1129; x_wconf 84' lang='lat' dir='ltr'><strong>quam</strong></span> <span class='ocrx_word' id='word_1_44' title='bbox 379 1062 466 1132; x_wconf 81' lang='lat' dir='ltr'><strong>drusa,</strong></span> <span class='ocrx_word' id='word_1_45' title='bbox 487 1065 579 1117; x_wconf 88' lang='lat' dir='ltr'><strong>certos</strong></span> <span class='ocrx_word' id='word_1_46' title='bbox 606 1059 773 1132; x_wconf 75' lang='lat' dir='ltr'><strong>cognitionis</strong></span> <span class='ocrx_word' id='word_1_47' title='bbox 794 1061 927 1119; x_wconf 82' lang='lat' dir='ltr'><strong>humanae</strong></span> <span class='ocrx_word' id='word_1_48' title='bbox 947 1061 1014 1119; x_wconf 84' lang='lat' dir='ltr'><strong>ines</strong></span> <span class='ocrx_word' id='word_1_49' title='bbox 1036 1057 1178 1116; x_wconf 87' lang='lat' dir='ltr'><strong>constituit</strong></span> <span class='ocrx_word' id='word_1_50' title='bbox 1199 1057 1271 1116; x_wconf 88' lang='lat' dir='ltr'><strong>inter</strong></span> 
     </span>
     <span class='ocr_line' id='line_1_7' title="bbox 166 1161 1271 1235; baseline -0.003 -13"><span class='ocrx_word' id='word_1_51' title='bbox 166 1163 307 1222; x_wconf 89' lang='lat' dir='ltr'><strong>scientiam</strong></span> <span class='ocrx_word' id='word_1_52' title='bbox 338 1165 457 1222; x_wconf 88' lang='lat' dir='ltr'><strong>divinem</strong></span> <span class='ocrx_word' id='word_1_53' title='bbox 488 1171 517 1222; x_wconf 86' lang='lat' dir='ltr'><strong>et</strong></span> <span class='ocrx_word' id='word_1_54' title='bbox 547 1163 678 1222; x_wconf 87' lang='lat' dir='ltr'><strong>scientiae</strong></span> <span class='ocrx_word' id='word_1_55' title='bbox 709 1165 864 1223; x_wconf 86' lang='lat' dir='ltr'><strong>vanitatem.</strong></span> <span class='ocrx_word' id='word_1_56' title='bbox 928 1163 1039 1222; x_wconf 76' lang='lat' dir='ltr'><strong>Gratiae</strong></span> <span class='ocrx_word' id='word_1_57' title='bbox 1069 1161 1184 1221; x_wconf 81' lang='lat' dir='ltr'><strong>Divinae</strong></span> <span class='ocrx_word' id='word_1_58' title='bbox 1214 1177 1271 1235; x_wconf 91' lang='lat' dir='ltr'><strong>ope</strong></span> 
     </span>
     <span class='ocr_line' id='line_1_8' title="bbox 167 1267 1270 1344; baseline -0.004 -18"><span class='ocrx_word' id='word_1_59' title='bbox 167 1267 291 1328; x_wconf 90' lang='lat' dir='ltr'><strong>homines</strong></span> <span class='ocrx_word' id='word_1_60' title='bbox 303 1285 319 1324; x_wconf 95' lang='lat' dir='ltr'><strong>a</strong></span> <span class='ocrx_word' id='word_1_61' title='bbox 332 1267 452 1341; x_wconf 90' lang='lat' dir='ltr'><strong>peccatis</strong></span> <span class='ocrx_word' id='word_1_62' title='bbox 462 1268 542 1326; x_wconf 85' lang='lat' dir='ltr'><strong>hiberi</strong></span> <span class='ocrx_word' id='word_1_63' title='bbox 553 1269 634 1326; x_wconf 85' lang='lat' dir='ltr'><strong>etiarn</strong></span> <span class='ocrx_word' id='word_1_64' title='bbox 650 1269 780 1327; x_wconf 70' lang='lat' dir='ltr'><strong>scientiae</strong></span> <span class='ocrx_word' id='word_1_65' title='bbox 790 1268 903 1328; x_wconf 83' lang='lat' dir='ltr'><strong>Divinae</strong></span> <span class='ocrx_word' id='word_1_66' title='bbox 913 1267 1061 1344; x_wconf 70' lang='lat' dir='ltr'><strong>participes</strong></span> <span class='ocrx_word' id='word_1_67' title='bbox 1072 1282 1134 1324; x_wconf 90' lang='lat' dir='ltr'><strong>esse</strong></span> <span class='ocrx_word' id='word_1_68' title='bbox 1145 1270 1270 1340; x_wconf 87' lang='lat' dir='ltr'><strong>possunt,</strong></span> 
     </span>
     <span class='ocr_line' id='line_1_9' title="bbox 167 1369 1271 1446; baseline -0.003 -17"><span class='ocrx_word' id='word_1_69' title='bbox 167 1373 217 1430; x_wconf 87' lang='lat' dir='ltr'><strong>sed</strong></span> <span class='ocrx_word' id='word_1_70' title='bbox 238 1371 365 1445; x_wconf 87' lang='lat' dir='ltr'><strong>snperbia</strong></span> <span class='ocrx_word' id='word_1_71' title='bbox 388 1371 461 1446; x_wconf 83' lang='lat' dir='ltr'><strong>cepti</strong></span> <span class='ocrx_word' id='word_1_72' title='bbox 481 1387 514 1431; x_wconf 87' lang='lat' dir='ltr'><strong>ea</strong></span> <span class='ocrx_word' id='word_1_73' title='bbox 535 1387 630 1429; x_wconf 87' lang='lat' dir='ltr'><strong>rursus</strong></span> <span class='ocrx_word' id='word_1_74' title='bbox 641 1371 790 1446; x_wconf 85' lang='lat' dir='ltr'><strong>privantur.</strong></span> <span class='ocrx_word' id='word_1_75' title='bbox 816 1401 849 1414; x_wconf 89' lang='lat'>-</span> <span class='ocrx_word' id='word_1_76' title='bbox 873 1371 1030 1442; x_wconf 68' lang='lat' dir='ltr'><strong>dimissae,</strong></span> <span class='ocrx_word' id='word_1_77' title='bbox 1052 1371 1126 1428; x_wconf 80' lang='lat' dir='ltr'><strong>zeno</strong></span> <span class='ocrx_word' id='word_1_78' title='bbox 1142 1369 1271 1427; x_wconf 89' lang='lat' dir='ltr'><strong>docuisse</strong></span> 
     </span>
     <span class='ocr_line' id='line_1_10' title="bbox 166 1474 1270 1550; baseline -0.004 -16"><span class='ocrx_word' id='word_1_79' title='bbox 166 1475 250 1534; x_wconf 83' lang='lat' dir='ltr'><strong>etiarn</strong></span> <span class='ocrx_word' id='word_1_80' title='bbox 276 1475 342 1533; x_wconf 89' lang='lat' dir='ltr'><strong>alias</strong></span> <span class='ocrx_word' id='word_1_81' title='bbox 364 1476 478 1548; x_wconf 87' lang='lat' dir='ltr'><strong>dieitur;</strong></span> <span class='ocrx_word' id='word_1_82' title='bbox 504 1475 551 1534; x_wconf 89' lang='lat' dir='ltr'><strong>uhi</strong></span> <span class='ocrx_word' id='word_1_83' title='bbox 576 1491 645 1533; x_wconf 87' lang='lat' dir='ltr'><strong>vero</strong></span> <span class='ocrx_word' id='word_1_84' title='bbox 667 1475 733 1533; x_wconf 88' lang='lat' dir='ltr'><strong>nihil</strong></span> <span class='ocrx_word' id='word_1_85' title='bbox 754 1475 819 1534; x_wconf 89' lang='lat' dir='ltr'><strong>sciri</strong></span> <span class='ocrx_word' id='word_1_86' title='bbox 840 1491 924 1550; x_wconf 89' lang='lat' dir='ltr'><strong>posse</strong></span> <span class='ocrx_word' id='word_1_87' title='bbox 945 1475 1115 1550; x_wconf 87' lang='lat' dir='ltr'><strong>probaverit,</strong></span> <span class='ocrx_word' id='word_1_88' title='bbox 1141 1489 1185 1532; x_wconf 87' lang='lat' dir='ltr'><strong>me</strong></span> <span class='ocrx_word' id='word_1_89' title='bbox 1206 1474 1270 1547; x_wconf 84' lang='lat' dir='ltr'><strong>qui·</strong></span> 
     </span>
     <span class='ocr_line' id='line_1_11' title="bbox 168 1573 1270 1654; baseline -0.005 -16"><span class='ocrx_word' id='word_1_90' title='bbox 168 1581 229 1638; x_wconf 84' lang='lat' dir='ltr'><strong>dem</strong></span> <span class='ocrx_word' id='word_1_91' title='bbox 241 1579 321 1653; x_wconf 77' lang='lat' dir='ltr'><strong>sugit,</strong></span> <span class='ocrx_word' id='word_1_92' title='bbox 342 1595 501 1654; x_wconf 86' lang='lat' dir='ltr'><strong>quamquam</strong></span> <span class='ocrx_word' id='word_1_93' title='bbox 512 1579 585 1654; x_wconf 91' lang='lat' dir='ltr'><strong>apud</strong></span> <span class='ocrx_word' id='word_1_94' title='bbox 595 1580 726 1638; x_wconf 86' lang='lat' dir='ltr'><strong>Senecam</strong></span> <span class='ocrx_word' id='word_1_95' title='bbox 737 1581 787 1654; x_wconf 87' lang='lat' dir='ltr'><strong>Ep.</strong></span> <span class='ocrx_word' id='word_1_96' title='bbox 799 1573 840 1638; x_wconf 80' lang='lat'><strong>88</strong></span> <span class='ocrx_word' id='word_1_97' title='bbox 852 1580 903 1642; x_wconf 79' lang='lat' dir='ltr'><strong>enh</strong></span> <span class='ocrx_word' id='word_1_98' title='bbox 913 1581 959 1638; x_wconf 86' lang='lat' dir='ltr'><strong>dn.</strong></span> <span class='ocrx_word' id='word_1_99' title='bbox 975 1585 1090 1654; x_wconf 88' lang='lat' dir='ltr'><strong>propter</strong></span> <span class='ocrx_word' id='word_1_100' title='bbox 1100 1580 1181 1649; x_wconf 88' lang='lat' dir='ltr'><strong>hano,</strong></span> <span class='ocrx_word' id='word_1_101' title='bbox 1202 1576 1270 1650; x_wconf 89' lang='lat' dir='ltr'><strong>opi·</strong></span> 
     </span>
     <span class='ocr_line' id='line_1_12' title="bbox 167 1681 1269 1758; baseline -0.002 -17"><span class='ocrx_word' id='word_1_102' title='bbox 167 1701 235 1754; x_wconf 91' lang='lat' dir='ltr'><strong>nor‚</strong></span> <span class='ocrx_word' id='word_1_103' title='bbox 258 1684 409 1742; x_wconf 90' lang='lat' dir='ltr'><strong>doctrinam</strong></span> <span class='ocrx_word' id='word_1_104' title='bbox 429 1683 593 1758; x_wconf 74' lang='lat' dir='ltr'><strong>Pyrrhoaici</strong></span> <span class='ocrx_word' id='word_1_105' title='bbox 617 1690 646 1740; x_wconf 88' lang='lat' dir='ltr'><strong>et</strong></span> <span class='ocrx_word' id='word_1_106' title='bbox 665 1683 822 1742; x_wconf 71' lang='lat' dir='ltr'><strong>Academici</strong></span> <span class='ocrx_word' id='word_1_107' title='bbox 848 1684 873 1741; x_wconf 87' lang='lat' dir='ltr'><strong>ei</strong></span> <span class='ocrx_word' id='word_1_108' title='bbox 900 1685 1093 1757; x_wconf 80' lang='lat' dir='ltr'><strong>adjunguntur.</strong></span> <span class='ocrx_word' id='word_1_109' title='bbox 1136 1681 1269 1756; x_wconf 84' lang='lat' dir='ltr'><strong>Suspicor</strong></span> 
     </span>
     <span class='ocr_line' id='line_1_13' title="bbox 167 1785 1269 1862; baseline -0.003 -18"><span class='ocrx_word' id='word_1_110' title='bbox 167 1796 258 1845; x_wconf 85' lang='lat' dir='ltr'><strong>tannen</strong></span> <span class='ocrx_word' id='word_1_111' title='bbox 278 1787 397 1845; x_wconf 84' lang='lat' dir='ltr'><strong>Johnnui</strong></span> <span class='ocrx_word' id='word_1_112' title='bbox 423 1787 468 1845; x_wconf 91' lang='lat' dir='ltr'><strong>hic</strong></span> <span class='ocrx_word' id='word_1_113' title='bbox 499 1788 534 1844; x_wconf 93' lang='lat' dir='ltr'><strong>ad</strong></span> <span class='ocrx_word' id='word_1_114' title='bbox 561 1803 666 1845; x_wconf 90' lang='lat' dir='ltr'><strong>manum</strong></span> <span class='ocrx_word' id='word_1_115' title='bbox 698 1787 781 1845; x_wconf 76' lang='lat' dir='ltr'><strong>dhisse</strong></span> <span class='ocrx_word' id='word_1_116' title='bbox 812 1786 913 1846; x_wconf 86' lang='lat' dir='ltr'><strong>vetaris</strong></span> <span class='ocrx_word' id='word_1_117' title='bbox 944 1787 1136 1862; x_wconf 81' lang='lat' dir='ltr'><strong>philosophice</strong></span> <span class='ocrx_word' id='word_1_118' title='bbox 1167 1785 1269 1843; x_wconf 59' lang='lat' dir='ltr'><strong>ionem</strong></span> 
     </span>
     <span class='ocr_line' id='line_1_14' title="bbox 166 1891 449 1965; baseline 0 -17"><span class='ocrx_word' id='word_1_119' title='bbox 166 1892 247 1948; x_wconf 88' lang='lat' dir='ltr'><strong>nohis</strong></span> <span class='ocrx_word' id='word_1_120' title='bbox 269 1891 449 1965; x_wconf 82' lang='lat' dir='ltr'><strong>deperditum.</strong></span> 
     </span>
    </p>
   </div>
   <div class='ocr_carea' id='block_1_3' title="bbox 499 2447 939 2680">
    <p class='ocr_par' dir='ltr' id='par_1_3' title="bbox 499 2447 939 2680">
     <span class='ocr_line' id='line_1_15' title="bbox 595 2447 847 2512; baseline 0 -2"><span class='ocrx_word' id='word_1_121' title='bbox 595 2455 629 2511; x_wconf 89' lang='lat' dir='ltr'><strong>V.</strong></span> <span class='ocrx_word' id='word_1_122' title='bbox 661 2447 847 2512; x_wconf 79' lang='lat'><strong>739-772.</strong></span> 
     </span>
     <span class='ocr_line' id='line_1_16' title="bbox 499 2618 939 2680; baseline 0 -3"><span class='ocrx_word' id='word_1_123' title='bbox 499 2618 725 2678; x_wconf 77' lang='lat' dir='ltr'><strong>rraflaoonaa</strong></span> <span class='ocrx_word' id='word_1_124' title='bbox 756 2619 939 2680; x_wconf 71' lang='lat' dir='ltr'>DOCTRINA.</span> 
     </span>
    </p>
   </div>
   <div class='ocr_carea' id='block_1_4' title="bbox 170 3017 1279 4228">
    <p class='ocr_par' dir='ltr' id='par_1_4' title="bbox 170 3017 1279 4228">
     <span class='ocr_line' id='line_1_17' title="bbox 255 3017 1273 3094; baseline -0.001 -19"><span class='ocrx_word' id='word_1_125' title='bbox 255 3017 343 3076; x_wconf 84' lang='lat' dir='ltr'><strong>Etiam</strong></span> <span class='ocrx_word' id='word_1_126' title='bbox 369 3019 550 3078; x_wconf 80' lang='lat' dir='ltr'><strong>honorificum</strong></span> <span class='ocrx_word' id='word_1_127' title='bbox 576 3021 631 3076; x_wconf 90' lang='lat' dir='ltr'><strong>hoc</strong></span> <span class='ocrx_word' id='word_1_128' title='bbox 657 3021 691 3076; x_wconf 92' lang='lat' dir='ltr'><strong>de</strong></span> <span class='ocrx_word' id='word_1_129' title='bbox 718 3020 875 3092; x_wconf 75' lang='lat' dir='ltr'><strong>Pythagora</strong></span> <span class='ocrx_word' id='word_1_130' title='bbox 898 3019 1030 3092; x_wconf 84' lang='lat' dir='ltr'><strong>judicium</strong></span> <span class='ocrx_word' id='word_1_131' title='bbox 1056 3019 1167 3094; x_wconf 88' lang='lat' dir='ltr'><strong>probat,</strong></span> <span class='ocrx_word' id='word_1_132' title='bbox 1194 3034 1273 3092; x_wconf 87' lang='lat' dir='ltr'><strong>qnam</strong></span> 
     </span>
     <span class='ocr_line' id='line_1_18' title="bbox 170 3101 1275 3196; baseline 0 -18"><span class='ocrx_word' id='word_1_133' title='bbox 170 3122 291 3196; x_wconf 88' lang='lat' dir='ltr'><strong>pendeat</strong></span> <span class='ocrx_word' id='word_1_134' title='bbox 310 3125 409 3179; x_wconf 88' lang='lat' dir='ltr'><strong>auctor</strong></span> <span class='ocrx_word' id='word_1_135' title='bbox 430 3137 465 3178; x_wconf 84' lang='lat' dir='ltr'><strong>ex</strong></span> <span class='ocrx_word' id='word_1_136' title='bbox 485 3101 700 3196; x_wconf 83' lang='lat' dir='ltr'><strong>Neoplatonicis.</strong></span> <span class='ocrx_word' id='word_1_137' title='bbox 743 3123 861 3196; x_wconf 85' lang='lat' dir='ltr'><strong>Sophia,</strong></span> <span class='ocrx_word' id='word_1_138' title='bbox 885 3139 910 3179; x_wconf 83' lang='lat' dir='ltr'><strong>v.</strong></span> <span class='ocrx_word' id='word_1_139' title='bbox 932 3117 1005 3195; x_wconf 87' lang='grc'>740,</span> <span class='ocrx_word' id='word_1_140' title='bbox 1031 3123 1083 3180; x_wconf 88' lang='lat' dir='ltr'><strong>nisi</strong></span> <span class='ocrx_word' id='word_1_141' title='bbox 1104 3123 1139 3181; x_wconf 89' lang='lat' dir='ltr'><strong>dc</strong></span> <span class='ocrx_word' id='word_1_142' title='bbox 1164 3121 1275 3179; x_wconf 74' lang='lat' dir='ltr'><strong>Christo</strong></span> 
     </span>
     <span class='ocr_line' id='line_1_19' title="bbox 170 3225 1274 3299; baseline -0.002 -16"><span class='ocrx_word' id='word_1_143' title='bbox 170 3225 349 3298; x_wconf 84' lang='lat' dir='ltr'><strong>intelligenda</strong></span> <span class='ocrx_word' id='word_1_144' title='bbox 376 3225 426 3299; x_wconf 86' lang='lat' dir='ltr'><strong>sit,</strong></span> <span class='ocrx_word' id='word_1_145' title='bbox 454 3232 529 3284; x_wconf 87' lang='lat' dir='ltr'><strong>carte</strong></span> <span class='ocrx_word' id='word_1_146' title='bbox 554 3225 746 3284; x_wconf 81' lang='lat' dir='ltr'><strong>Gnosticorum</strong></span> <span class='ocrx_word' id='word_1_147' title='bbox 770 3225 878 3284; x_wconf 90' lang='lat' dir='ltr'><strong>ratione</strong></span> <span class='ocrx_word' id='word_1_148' title='bbox 904 3226 1057 3298; x_wconf 77' lang='lat' dir='ltr'><strong>cogitatur,</strong></span> <span class='ocrx_word' id='word_1_149' title='bbox 1089 3225 1169 3282; x_wconf 89' lang='lat' dir='ltr'><strong>sicuti</strong></span> <span class='ocrx_word' id='word_1_150' title='bbox 1196 3226 1274 3282; x_wconf 77' lang='lat' dir='ltr'><strong>hinet.</strong></span> 
     </span>
     <span class='ocr_line' id='line_1_20' title="bbox 171 3322 1275 3402; baseline -0.003 -16"><span class='ocrx_word' id='word_1_151' title='bbox 171 3328 284 3402; x_wconf 81' lang='lat' dir='ltr'><strong>Capella</strong></span> <span class='ocrx_word' id='word_1_152' title='bbox 303 3327 327 3400; x_wconf 80' lang='lat' dir='ltr'><strong>h,</strong></span> <span class='ocrx_word' id='word_1_153' title='bbox 349 3345 375 3402; x_wconf 94' lang='lat' dir='ltr'><strong>p.</strong></span> <span class='ocrx_word' id='word_1_154' title='bbox 399 3322 430 3385; x_wconf 88' lang='lat'><strong>3.</strong></span> <span class='ocrx_word' id='word_1_155' title='bbox 473 3329 645 3400; x_wconf 73' lang='lat' dir='ltr'><strong>Pythagoras</strong></span> <span class='ocrx_word' id='word_1_156' title='bbox 667 3327 796 3386; x_wconf 85' lang='lat' dir='ltr'><strong>docuisse</strong></span> <span class='ocrx_word' id='word_1_157' title='bbox 817 3328 917 3386; x_wconf 81' lang='lat' dir='ltr'><strong>dicittm</strong></span> <span class='ocrx_word' id='word_1_158' title='bbox 937 3328 973 3383; x_wconf 85' lang='lat' dir='ltr'><strong>de</strong></span> <span class='ocrx_word' id='word_1_159' title='bbox 994 3328 1086 3400; x_wconf 85' lang='lat' dir='ltr'><strong>nonis,</strong></span> <span class='ocrx_word' id='word_1_160' title='bbox 1113 3328 1148 3384; x_wconf 86' lang='lat' dir='ltr'><strong>de</strong></span> <span class='ocrx_word' id='word_1_161' title='bbox 1169 3327 1275 3400; x_wconf 87' lang='lat' dir='ltr'><strong>spiriti-</strong></span> 
     </span>
     <span class='ocr_line' id='line_1_21' title="bbox 170 3430 1275 3507; baseline -0.001 -19"><span class='ocrx_word' id='word_1_162' title='bbox 170 3433 223 3488; x_wconf 85' lang='lat' dir='ltr'><strong>has</strong></span> <span class='ocrx_word' id='word_1_163' title='bbox 245 3433 290 3488; x_wconf 85' lang='lat' dir='ltr'><strong>vei</strong></span> <span class='ocrx_word' id='word_1_164' title='bbox 311 3432 488 3490; x_wconf 89' lang='lat' dir='ltr'><strong>daemonibus</strong></span> <span class='ocrx_word' id='word_1_165' title='bbox 510 3447 629 3507; x_wconf 85' lang='lat' dir='ltr'><strong>corpora</strong></span> <span class='ocrx_word' id='word_1_166' title='bbox 651 3431 862 3505; x_wconf 80' lang='lat' dir='ltr'><strong>permeantibus,</strong></span> <span class='ocrx_word' id='word_1_167' title='bbox 884 3431 919 3488; x_wconf 87' lang='lat' dir='ltr'><strong>de</strong></span> <span class='ocrx_word' id='word_1_168' title='bbox 940 3433 1088 3489; x_wconf 88' lang='lat' dir='ltr'><strong>animarum</strong></span> <span class='ocrx_word' id='word_1_169' title='bbox 1110 3430 1275 3504; x_wconf 86' lang='lat' dir='ltr'><strong>corporibus</strong></span> 
     </span>
     <span class='ocr_line' id='line_1_22' title="bbox 170 3509 1277 3609; baseline -0.003 -17"><span class='ocrx_word' id='word_1_170' title='bbox 170 3535 337 3592; x_wconf 87' lang='lat' dir='ltr'><strong>inclusarum</strong></span> <span class='ocrx_word' id='word_1_171' title='bbox 348 3535 445 3609; x_wconf 88' lang='lat' dir='ltr'><strong>poenis</strong></span> <span class='ocrx_word' id='word_1_172' title='bbox 456 3541 484 3592; x_wconf 87' lang='lat' dir='ltr'><strong>ct</strong></span> <span class='ocrx_word' id='word_1_173' title='bbox 505 3534 679 3606; x_wconf 79' lang='lat' dir='ltr'><strong>migratione,</strong></span> <span class='ocrx_word' id='word_1_174' title='bbox 700 3509 771 3607; x_wconf 75' lang='lat' dir='ltr'><strong>qnae</strong></span> <span class='ocrx_word' id='word_1_175' title='bbox 785 3534 893 3607; x_wconf 81' lang='lat' dir='ltr'><strong>singula</strong></span> <span class='ocrx_word' id='word_1_176' title='bbox 915 3533 1022 3602; x_wconf 83' lang='lat' dir='ltr'><strong>quidem</strong></span> <span class='ocrx_word' id='word_1_177' title='bbox 1037 3535 1083 3592; x_wconf 90' lang='lat' dir='ltr'><strong>hic</strong></span> <span class='ocrx_word' id='word_1_178' title='bbox 1097 3536 1142 3592; x_wconf 82' lang='lat' dir='ltr'><strong>uei</strong></span> <span class='ocrx_word' id='word_1_179' title='bbox 1159 3534 1215 3592; x_wconf 88' lang='lat' dir='ltr'><strong>illic</strong></span> <span class='ocrx_word' id='word_1_180' title='bbox 1230 3540 1277 3590; x_wconf 87' lang='lat' dir='ltr'><strong>ant</strong></span> 
     </span>
     <span class='ocr_line' id='line_1_23' title="bbox 172 3637 1277 3711; baseline -0.002 -17"><span class='ocrx_word' id='word_1_181' title='bbox 172 3637 226 3711; x_wconf 88' lang='lat' dir='ltr'><strong>ipsi</strong></span> <span class='ocrx_word' id='word_1_182' title='bbox 247 3638 422 3711; x_wconf 77' lang='lat' dir='ltr'><strong>Pythagorae</strong></span> <span class='ocrx_word' id='word_1_183' title='bbox 443 3639 568 3696; x_wconf 76' lang='lat' dir='ltr'><strong>anterus</strong></span> <span class='ocrx_word' id='word_1_184' title='bbox 589 3637 729 3710; x_wconf 86' lang='lat' dir='ltr'><strong>discipulis</strong></span> <span class='ocrx_word' id='word_1_185' title='bbox 752 3637 920 3709; x_wconf 86' lang='lat' dir='ltr'><strong>tribuuntur,</strong></span> <span class='ocrx_word' id='word_1_186' title='bbox 945 3637 995 3694; x_wconf 87' lang='lat' dir='ltr'><strong>sed</strong></span> <span class='ocrx_word' id='word_1_187' title='bbox 1022 3637 1067 3694; x_wconf 87' lang='lat' dir='ltr'><strong>nbi</strong></span> <span class='ocrx_word' id='word_1_188' title='bbox 1093 3638 1145 3695; x_wconf 89' lang='lat' dir='ltr'><strong>hac</strong></span> <span class='ocrx_word' id='word_1_189' title='bbox 1169 3637 1277 3696; x_wconf 90' lang='lat' dir='ltr'><strong>ratione</strong></span> 
     </span>
     <span class='ocr_line' id='line_1_24' title="bbox 173 3741 1277 3816; baseline -0.001 -18"><span class='ocrx_word' id='word_1_190' title='bbox 173 3741 320 3815; x_wconf 79' lang='lat' dir='ltr'><strong>eonJ&#39;unotn</strong></span> <span class='ocrx_word' id='word_1_191' title='bbox 345 3743 487 3814; x_wconf 82' lang='lat' dir='ltr'><strong>legantur,</strong></span> <span class='ocrx_word' id='word_1_192' title='bbox 519 3759 562 3798; x_wconf 88' lang='lat' dir='ltr'><strong>me</strong></span> <span class='ocrx_word' id='word_1_193' title='bbox 587 3742 666 3814; x_wconf 75' lang='lat' dir='ltr'><strong>fugit.</strong></span> <span class='ocrx_word' id='word_1_194' title='bbox 710 3743 778 3798; x_wconf 85' lang='lat' dir='ltr'><strong>Sunt</strong></span> <span class='ocrx_word' id='word_1_195' title='bbox 798 3741 893 3814; x_wconf 88' lang='lat' dir='ltr'><strong>etiam,</strong></span> <span class='ocrx_word' id='word_1_196' title='bbox 920 3758 992 3816; x_wconf 85' lang='lat' dir='ltr'><strong>qnae</strong></span> <span class='ocrx_word' id='word_1_197' title='bbox 1017 3741 1147 3798; x_wconf 86' lang='lat' dir='ltr'><strong>recedant</strong></span> <span class='ocrx_word' id='word_1_198' title='bbox 1172 3741 1207 3797; x_wconf 83' lang='lat' dir='ltr'><strong>ub</strong></span> <span class='ocrx_word' id='word_1_199' title='bbox 1233 3741 1277 3812; x_wconf 90' lang='lat' dir='ltr'><strong>iis,</strong></span> 
     </span>
     <span class='ocr_line' id='line_1_25' title="bbox 173 3843 1277 3918; baseline 0.001 -18"><span class='ocrx_word' id='word_1_200' title='bbox 173 3861 245 3918; x_wconf 86' lang='lat' dir='ltr'><strong>quae</strong></span> <span class='ocrx_word' id='word_1_201' title='bbox 266 3845 353 3918; x_wconf 72' lang='lat' dir='ltr'><strong>vulgo</strong></span> <span class='ocrx_word' id='word_1_202' title='bbox 375 3847 548 3918; x_wconf 78' lang='lat' dir='ltr'><strong>Pythagorae</strong></span> <span class='ocrx_word' id='word_1_203' title='bbox 569 3845 733 3901; x_wconf 85' lang='lat' dir='ltr'><strong>tribuuntur.</strong></span> <span class='ocrx_word' id='word_1_204' title='bbox 775 3843 815 3902; x_wconf 87' lang='lat' dir='ltr'><strong>ita</strong></span> <span class='ocrx_word' id='word_1_205' title='bbox 837 3853 928 3902; x_wconf 85' lang='lat' dir='ltr'><strong>tarrae</strong></span> <span class='ocrx_word' id='word_1_206' title='bbox 948 3845 1028 3902; x_wconf 83' lang='lat' dir='ltr'><strong>aienti</strong></span> <span class='ocrx_word' id='word_1_207' title='bbox 1048 3843 1121 3901; x_wconf 87' lang='lat' dir='ltr'><strong>coeii</strong></span> <span class='ocrx_word' id='word_1_208' title='bbox 1147 3843 1174 3899; x_wconf 91' lang='lat' dir='ltr'><strong>in</strong></span> <span class='ocrx_word' id='word_1_209' title='bbox 1195 3843 1277 3917; x_wconf 88' lang='lat' dir='ltr'><strong>qnin-</strong></span> 
     </span>
     <span class='ocr_line' id='line_1_26' title="bbox 174 3945 1277 4023; baseline -0.001 -19"><span class='ocrx_word' id='word_1_210' title='bbox 174 3965 229 4020; x_wconf 84' lang='lat' dir='ltr'><strong>qne</strong></span> <span class='ocrx_word' id='word_1_211' title='bbox 251 3965 335 4006; x_wconf 86' lang='lat' dir='ltr'><strong>nonas</strong></span> <span class='ocrx_word' id='word_1_212' title='bbox 356 3948 455 4006; x_wconf 86' lang='lat' dir='ltr'><strong>divisio</strong></span> <span class='ocrx_word' id='word_1_213' title='bbox 478 3948 512 4004; x_wconf 92' lang='lat' dir='ltr'><strong>ah</strong></span> <span class='ocrx_word' id='word_1_214' title='bbox 534 3948 595 4023; x_wconf 91' lang='lat' dir='ltr'><strong>ipso</strong></span> <span class='ocrx_word' id='word_1_215' title='bbox 607 3947 764 4018; x_wconf 70' lang='lat' dir='ltr'><strong>Pythagora</strong></span> <span class='ocrx_word' id='word_1_216' title='bbox 785 3949 919 4020; x_wconf 86' lang='lat' dir='ltr'><strong>repetitur</strong></span> <span class='ocrx_word' id='word_1_217' title='bbox 934 3947 1164 4020; x_wconf 85' lang='lat' dir='ltr'><strong>apudStobaeum</strong></span> <span class='ocrx_word' id='word_1_218' title='bbox 1180 3945 1277 4020; x_wconf 78' lang='lat' dir='ltr'><strong>Eclog.</strong></span> 
     </span>
     <span class='ocr_line' id='line_1_27' title="bbox 175 4043 1279 4124; baseline 0 -18"><span class='ocrx_word' id='word_1_219' title='bbox 175 4052 256 4124; x_wconf 77' lang='lat' dir='ltr'><strong>Phys.</strong></span> <span class='ocrx_word' id='word_1_220' title='bbox 268 4052 291 4124; x_wconf 86' lang='lat' dir='ltr'><strong>i,</strong></span> <span class='ocrx_word' id='word_1_221' title='bbox 313 4047 363 4124; x_wconf 82' lang='lat'><strong>24,</strong></span> <span class='ocrx_word' id='word_1_222' title='bbox 389 4047 415 4123; x_wconf 88' lang='lat'><strong>1,</strong></span> <span class='ocrx_word' id='word_1_223' title='bbox 432 4067 461 4124; x_wconf 89' lang='lat' dir='ltr'><strong>p.</strong></span> <span class='ocrx_word' id='word_1_224' title='bbox 479 4045 550 4108; x_wconf 78' lang='lat'><strong>502.</strong></span> <span class='ocrx_word' id='word_1_225' title='bbox 582 4050 651 4105; x_wconf 81' lang='lat' dir='ltr'><strong>Piut.</strong></span> <span class='ocrx_word' id='word_1_226' title='bbox 668 4049 740 4104; x_wconf 83' lang='lat' dir='ltr'><strong>Piae.</strong></span> <span class='ocrx_word' id='word_1_227' title='bbox 756 4050 857 4107; x_wconf 82' lang='lat' dir='ltr'><strong>Philas.</strong></span> <span class='ocrx_word' id='word_1_228' title='bbox 873 4049 919 4120; x_wconf 85' lang='grc' dir='ltr'><strong>ΙΙΙ,</strong></span> <span class='ocrx_word' id='word_1_229' title='bbox 936 4043 983 4106; x_wconf 79' lang='grc'><strong>14.</strong></span> <span class='ocrx_word' id='word_1_230' title='bbox 1016 4049 1279 4122; x_wconf 74' lang='lat' dir='ltr'><strong>hliudiythngorae‚</strong></span> 
     </span>
     <span class='ocr_line' id='line_1_28' title="bbox 176 4138 1279 4228; baseline 0.001 -16"><span class='ocrx_word' id='word_1_231' title='bbox 176 4171 208 4212; x_wconf 87' lang='lat' dir='ltr'><strong>se</strong></span> <span class='ocrx_word' id='word_1_232' title='bbox 226 4171 283 4212; x_wconf 93' lang='lat' dir='ltr'><strong>non</strong></span> <span class='ocrx_word' id='word_1_233' title='bbox 298 4171 359 4212; x_wconf 87' lang='lat' dir='ltr'><strong>asse</strong></span> <span class='ocrx_word' id='word_1_234' title='bbox 370 4155 518 4228; x_wconf 85' lang='lat' dir='ltr'><strong>sapientem</strong></span> <span class='ocrx_word' id='word_1_235' title='bbox 541 4138 680 4228; x_wconf 71' lang='grc' dir='ltr'><strong>(σοφόν),</strong></span> <span class='ocrx_word' id='word_1_236' title='bbox 690 4155 739 4212; x_wconf 90' lang='lat' dir='ltr'><strong>sed</strong></span> <span class='ocrx_word' id='word_1_237' title='bbox 750 4150 898 4225; x_wconf 87' lang='lat' dir='ltr'><strong>sapientiae</strong></span> <span class='ocrx_word' id='word_1_238' title='bbox 909 4159 1057 4211; x_wconf 86' lang='lat' dir='ltr'><strong>amatorem</strong></span> <span class='ocrx_word' id='word_1_239' title='bbox 1079 4140 1279 4228; x_wconf 78' lang='grc' dir='ltr'><strong>(φιλόσοφον)</strong></span> 
     </span>
    </p>
   </div>
   <div class='ocr_carea' id='block_1_5' title="bbox 0 0 1471 4976">
    <p class='ocr_par' dir='ltr' id='par_1_5' title="bbox 0 0 1471 4976">
     <span class='ocr_line' id='line_1_29' title="bbox 0 0 1471 4976; baseline 0 0"><span class='ocrx_word' id='word_1_240' title='bbox 0 0 1471 4976; x_wconf 95' lang='lat' dir='ltr'><strong> </strong></span> 
     </span>
    </p>
   </div>
  </div>
 </body>
</html>
