2924 4974
594 461 643 538 25

522 563 717 574 -ῇι--ο-ῃ

246 662 325 724 Esse
346 662 460 724 bonum
480 678 629 726 summurn
650 679 753 726 rerum
768 678 960 746 cognoscere
976 667 1193 744 causas‚⁰“¹¹⁰
1114 665 1181 705 ΗΜ
1182 667 1234 706 m

330 777 443 856 Credit,
465 777 548 859 quod
570 778 683 857 docuit,
704 797 833 861 maguus
853 778 1101 846 Aristoteles..
1102 748 1199 848 ...Ὺ
1212 667 1295 846 baffi

245 897 368 959 Labitur
388 915 408 958 e
427 893 518 972 taciti,
539 896 660 978 species
683 915 772 978 quem
793 897 895 960 fallit
886 899 994 976 enanis,
1161 885 1167 916 ¹

328 1012 394 1075 Nec
415 1011 537 1094 species
558 1011 688 1094 aliquem
708 1013 814 1077 tallere
835 1031 907 1078 vera
928 1021 1037 1096 potest.

139 1127 215 1192 675.
251 1127 453 1194 Coroneam
472 1129 553 1191 enim
573 1145 648 1192 vero
669 1147 720 1192 res
741 1149 825 1210 vera,
845 1131 937 1195 beato

328 1245 390 1308 Res
410 1245 503 1323 bona,
524 1251 674 1327 perpetuo
695 1262 747 1308 res
767 1245 904 1310 habitura
924 1252 1042 1325 statum

243 1360 393 1443 Falsaque
414 1379 466 1426 res
486 1361 569 1437 fallit,
590 1361 709 1444 perimit
729 1363 872 1443 peritura,
893 1363 1068 1444 cadensque

330 1477 488 1560 Opprinit
509 1477 615 1542 infelix
635 1479 773 1560 quisquis
795 1479 941 1544 adhaeret
961 1481 999 1542 ei.

244 1592 456 1677 Contemptum
476 1595 579 1658 murrdi
600 1597 678 1679 parit
698 1595 776 1660 llaec
794 1596 962 1679 speculatio
977 1611 1292 1676 rerum‚on¹·rmcc·eeoe

137 1710 210 1774 686.
329 1710 414 1785 Quae
435 1727 511 1774 casu
531 1713 658 1795 proprio
680 1719 790 1776 cuncta
809 1714 911 1795 perire
932 1713 1070 1796 probant
1111 1683 1277 1732 '‘⁷¹³¹'‘¹⁵‘⁰'””'

245 1825 443 1909 Contemptus
463 1828 568 1893 mundi
588 1845 680 1892 verus
701 1830 750 1892 via
771 1829 868 1911 prima
888 1829 1002 1908 salutis,
1117 1853 1145 1892 n.
1159 1859 1268 1902 enemo.

326 1943 412 2008 Fallit
432 1945 514 2008 euim
534 1943 664 2008 muudus
685 1947 924 2029 praecipitatque
945 1963 1029 2010 suos.
1106 1923 1279 2041 ''w“lffffi'ffl‘ffl

243 2059 319 2122 llam
341 2060 511 2125 mundanus
533 2077 619 2124 amor
639 2067 785 2125 excaecat
804 2061 916 2126 lumina
937 2063 1054 2126 mentis.

327 2177 365 2240 Ut
385 2177 474 2242 cadat
498 2179 529 2242 iu
550 2177 694 2242 miseram
715 2195 807 2241 caeca
828 2178 954 2259 sequela
974 2195 1090 2242 necem

135 2291 209 2356 685.
240 2292 348 2358 Nullus
379 2313 481 2358 amare
508 2295 607 2358 Deum
637 2293 843 2376 mundumque
868 2299 984 2377 potest,
1022 2295 1091 2376 quia
1105 2314 1279 2354 acarnanum.

736 2429 859 2494 semper
1117 2385 1266 2494 ‘titt'

324 2526 418 2592 umus
440 2525 571 2592 adventu
591 2527 712 2610 pellitur
732 2527 808 2590 ulter
830 2544 923 2591 amor.

240 2644 347 2708 Nullus
370 2649 535 2708 amatorum
556 2644 660 2708 muudi
680 2662 794 2708 nomen
815 2644 960 2727 sapientis

324 2759 472 2838 Possidet,
494 2761 654 2842 oppositus
676 2767 723 2824 eet
745 2779 830 2824 amor
851 2762 909 2824 iste
929 2759 1006 2824 Deo.

244 2877 303 2952 Qui
323 2875 469 2940 muudum
488 2876 615 2958 spernit,
636 2875 679 2940 illi
700 2877 871 2942 dominatur
891 2883 922 2939 et
942 2875 1039 2939 hostis

135 2993 209 3056 69⁰.
325 2993 469 3056 Debilitat
487 2994 569 3058 vires
591 2999 621 3058 et
641 2994 721 3078 pede
741 2994 823 3057 colla
843 2993 960 3076 premit

241 3108 330 3191 Spes,
352 3109 450 3188 dolor,
472 3109 527 3188 ira,
548 3117 645 3175 metus
663 3115 694 3174 et
702 3110 854 3174 horrorum
864 3126 957 3174 caeca
968 3107 1089 3191 cupido,

324 3225 451 3304 Gaudia,
472 3225 591 3306 mmna,
611 3227 729 3290 lucrum
743 3232 815 3290 suut
827 3226 1088 3291 velutauralevis.

242 3341 372 3408 Mundus
394 3363 570 3428 pressuram
590 3343 700 3422 tribuit,
720 3343 869 3426 sapientia
889 3361 1007 3425 pacem,

323 3459 362 3522 Et
375 3462 454 3526 mala
470 3467 579 3526 cancta
594 3460 680 3543 sugat
698 3467 730 3524 et
743 3461 826 3524 bona
841 3477 981 3543 quaeque
996 3457 1088 3522 fovet.

134 3573 206 3636 695
240 3573 438 3660 Contemptus
459 3578 562 3642 mundi
584 3576 723 3642 conditus
743 3595 847 3640 armore
868 3593 1002 3658 superno
1087 3588 1140 3626 r...
1142 3589 1203 3626 ..rc
1225 3588 1289 3628 nord

326 3692 444 3773 Omnia,
465 3713 545 3776 quae
565 3694 721 3776 speruit,
713 3711 744 3756 m
764 3711 820 3756 sua
837 3693 907 3775 jura
927 3689 1024 3756 trahit
1088 3663 1144 3770 {2³2¹
1137 3665 1285 3768 „mhm
1242 3660 1287 3698 '¹⁶¹⁸

201 3975 235 4024 V.
251 3971 310 4026 ott.
327 3974 392 4038 Arg.
410 3977 503 4029 notitia
519 3977 573 4027 reri
592 3977 652 4036 Lm,
670 3973 724 4026 veri
741 3973 834 4025 notitia
850 3975 912 4024 Ilm.
930 4001 963 4012 -
979 3971 1087 4026 Aristo-

133 4041 213 4092 telem
231 4040 495 4101 H‚Aristotilem1..
530 4045 562 4096 V.
580 4042 638 4096 672.
656 4040 865 4101 Aristoteleslt
888 4038 1087 4092 Amstotilest.

134 4107 173 4158 lta
191 4108 291 4170 ubique
309 4121 405 4160 nomeu
424 4111 559 4172 repetitur.
594 4111 626 4161 V.
644 4107 702 4160 ott.
723 4107 787 4172 Arg.
806 4110 884 4159 eLm
903 4109 1086 4169 depromptum

133 4173 239 4292 galgin}
256 4175 345 4292 161666.
388 4178 420 4227 V.
438 4175 497 4228 695.
522 4175 586 4241 Arg
611 4177 714 4229 deificat
736 4175 856 4228 homines
878 4176 940 4234 Lm,
966 4174 1087 4224 homines

153 4253 166 4292 e
198 4255 227 4291 ca
281 4253 307 4291 m
