2924 4974
718 439 789 514 XX

653 539 846 552 ψ...-

203 635 279 700 dicis
310 635 424 700 nullum
456 641 555 700 emtat
579 637 750 722 vestigium.
798 637 906 720 Neque
938 637 1020 700 enim
1049 635 1185 700 melioris
1216 639 1314 698 notae

202 757 274 804 esse
302 741 440 806 codicem
462 739 743 824 cantabrigiensem
768 742 949 808 euersibus
971 738 1183 805 deducendmn
1206 758 1223 801 a
1243 738 1310 802 he-

202 844 294 908 lando
317 845 428 925 alliis,
449 847 480 910 in
508 846 633 928 quibam,
663 866 743 930 quae
770 848 960 931 discrepant,
985 845 1061 909 meri
1086 846 1148 908 sint
1174 861 1309 906 errores.
1443 924 1444 935 ἵ

202 947 328 1012 Accedit
349 948 448 1031 qaod,
470 949 585 1013 'thoma
601 949 724 1034 Wright
743 957 904 1029 monente,
926 967 995 1014 oum
1020 950 1150 1013 lacunae
1173 968 1203 1012 v.
1220 947 1307 1010 91-

202 1051 244 1114 96
281 1052 312 1115 ἰη
345 1051 453 1116 oodica
480 1053 666 1118 hondinensi
702 1075 742 1120 ex
769 1053 1011 1136 cantabrigiensi
1043 1052 1203 1136 suppletae
1232 1052 1310 1128 sint,

203 1155 315 1219 nullam
336 1155 456 1220 videtur
476 1157 655 1239 praebuisse
676 1177 786 1222 novam
801 1160 977 1223 venetatem
993 1157 1131 1240 dignam,
1148 1174 1229 1237 quae
1249 1155 1309 1218 ad-

202 1265 368 1322 notaretur.
390 1259 425 1324 ld
445 1261 552 1324 saltem
572 1261 645 1325 inde
666 1263 822 1346 conjicere
842 1278 1022 1345 possumus,
1038 1261 1070 1322 in
1091 1260 1200 1323 codice
1223 1257 1307 1322 Cun-

202 1363 379 1445 tahrigiensi
394 1371 515 1436 exstare
530 1368 743 1430 recensionem
764 1367 845 1430 illam
866 1367 1050 1450 pleniorem,
1067 1382 1107 1428 en
1127 1381 1188 1445 qua
1208 1361 1309 1426 codex

202 1465 403 1532 houdinensis
420 1467 597 1532 emendatus
613 1476 643 1532 et
657 1472 815 1554 suppletas
832 1477 893 1549 est,
911 1488 1039 1550 eamque
1061 1473 1146 1532 certe
1160 1483 1224 1530 non
1239 1484 1308 1528 ma-

200 1571 278 1654 joris
304 1570 391 1650 fidei,
412 1572 561 1653 siqnidem
586 1573 667 1636 inter
693 1591 750 1638 sex
773 1574 842 1638 illos
857 1590 968 1638 remus
994 1591 1023 1635 v.
1044 1571 1083 1636 91
1111 1605 1146 1616 -
1169 1569 1211 1634 96
1237 1568 1308 1632 iude

202 1673 360 1756 suppletor
388 1692 467 1738 unus
494 1682 555 1754 est,
582 1677 635 1758 qui
667 1677 856 1758 inutraque
890 1675 999 1740 codice
1026 1674 1155 1740 eandem
1180 1689 1308 1756 comque

204 1784 337 1861 apertam
364 1777 456 1843 hahet
476 1780 616 1845 mendam
637 1784 683 1856 (v.
706 1781 774 1857 95).
817 1779 882 1844 Hos
909 1795 1019 1844 uersus
1045 1797 1066 1842 e
1092 1777 1201 1842 codice
1222 1777 1307 1841 Can-

202 1881 380 1964 tahrigiensi
394 1883 555 1965 suppletas
571 1901 642 1948 esse
659 1890 730 1968 post
745 1884 864 1948 Patricii
877 1883 959 1948 Junii
973 1882 1223 1966 descriptionem,
1237 1880 1308 1944 inde

204 1987 422 2068 cognovimus,
455 1986 538 2070 quod
558 1987 704 2052 Patricius
728 1988 837 2052 iunius
858 1987 916 2052 hos
942 2005 1053 2051 vorsus
1083 2004 1102 2050 e
1134 1986 1309 2068 conjectura

203 2089 365 2173 supplerit
410 2089 471 2156 Sed
497 2091 575 2154 haec
602 2109 671 2154 curn
697 2091 763 2154 sola
788 2092 968 2174 conjectura
993 2092 1134 2168 nitentum,
1181 2088 1307 2152 Acade-

203 2195 283 2258 miae
306 2193 564 2278 cantabrigiensis
585 2196 702 2258 sooium
724 2195 893 2276 impellant,
914 2201 948 2258 ut
973 2194 1112 2258 codicem
1138 2193 1308 2258 accinctius

203 2298 348 2379 inquirat
404 2295 480 2362 Cum
513 2316 592 2379 quae
625 2297 799 2380 discrepant
828 2300 860 2362 in
897 2298 1006 2363 codice
1038 2298 1261 2380 llamburgensi
1290 2315 1309 2360 a

203 2401 404 2480 Londinensi,
433 2421 450 2465 a
477 2401 606 2466 Patricio
627 2401 718 2466 Junio
740 2403 879 2485 proiecta
903 2404 963 2466 sint
989 2408 1144 2485 oporteat,
1175 2401 1309 2482 ideoque

205 2523 263 2589 pro
293 2506 477 2588 corrjecturis
504 2505 659 2585 habenda,
689 2507 915 2571 Londinensem
936 2524 993 2589 pro
1020 2505 1217 2570 fundamento
1236 2503 1307 2568 edi·-

205 2610 296 2672 tionis
317 2609 417 2674 habui.
459 2608 489 2672 h
516 2616 600 2674 textu
626 2613 749 2694 saepius
771 2613 901 2675 recessi:
932 2611 984 2674 uhi
1005 2627 1112 2692 margo
1134 2610 1307 2672 correctio-

203 2730 274 2776 nem
299 2713 440 2794 praebet,
472 2713 622 2778 interdum
643 2714 782 2780 leodonis
814 2716 989 2778 varietatem
1021 2716 1051 2777 in
1083 2715 1221 2796 rnargine
1247 2711 1307 2776 ad-

203 2823 352 2895 notatam,
388 2817 477 2881 etiam
514 2819 615 2882 rarius
654 2818 769 2882 codicis
801 2819 1038 2901 hamburgensis
1075 2819 1308 2900 discrepantiam

203 2920 342 3003 praetuli,
364 2939 462 2984 meam
480 2921 686 3003 conjecturam
702 2923 797 2986 semel
818 2928 932 2986 tantum
953 2923 1003 2986 vel
1023 2923 1069 2985 his
1085 2923 1200 3005 recepi.
1232 2921 1308 2988 Sin·-

204 3024 277 3106 gula
297 3025 329 3086 in
351 3023 546 3089 adnotatione
573 3025 677 3089 critica
697 3032 729 3088 et
750 3045 828 3107 quae
849 3026 972 3109 majoris
994 3027 1138 3090 momenti
1158 3031 1244 3104 sunt,
1274 3025 1306 3088 in

205 3128 429 3192 commentariis
452 3129 591 3211 exposita
612 3130 709 3212 leges.

288 3230 517 3296 Commentariis
544 3233 734 3298 uberioribus
766 3233 905 3317 indigere
931 3234 1088 3298 videbatur
1114 3251 1236 3297 carmen
1263 3239 1306 3295 tot

204 3336 354 3418 tantisque
376 3335 597 3400 difficultatibus
618 3337 769 3400 laborans.
803 3337 885 3412 Quas
907 3338 964 3400 etsi
985 3355 1048 3400 non
1070 3337 1167 3400 omnis
1183 3337 1305 3414 solvere

205 3441 349 3523 contigit,
382 3447 482 3503 tamen
518 3442 655 3504 nonnihil
687 3442 764 3506 lucis
797 3440 869 3504 inde
899 3441 1081 3505 redundabit
1110 3442 1141 3503 in
1165 3439 1305 3523 Anghae,

204 3543 416 3628 philosophiae
438 3551 469 3608 et
488 3545 690 3610 universitatis
708 3544 891 3608 Oxoniensis
912 3545 1076 3608 historiam.
1111 3543 1190 3619 Quid
1210 3562 1304 3626 prae-

203 3655 252 3712 ter
273 3649 406 3712 subsidia
427 3649 498 3712 mihi
519 3649 709 3732 suppeditata
729 3649 769 3713 de
789 3667 891 3711 rerum
910 3647 1107 3731 Anglicarum
1130 3648 1305 3730 cognitione

203 3753 438 3836 Lappenbergio
466 3753 607 3831 debeam,
645 3769 703 3815 suo
730 3753 801 3815 loco
832 3751 971 3815 indicavi.
1026 3751 1112 3826 Quae
1145 3750 1183 3814 de
1214 3751 1305 3814 rebus

204 3857 394 3920 scholasticis
424 3857 569 3939 imprimis
597 3856 822 3919 Oxoniensihus
848 3856 965 3920 eruisse
992 3857 1059 3938 ipse
1091 3855 1161 3917 mihi
1187 3853 1305 3934 videor,

205 3979 267 4042 quo
294 3960 388 4044 pluris
410 3960 505 4039 facio,
538 3979 576 4023 eo
604 3960 700 4041 magis
727 3961 861 4022 virorum
883 3958 1042 4022 doctorum
1064 3957 1193 4020 examini
1216 3975 1304 4021 conr-

206 4065 327 4127 mendo.

288 4167 395 4248 Neque
417 4173 516 4231 tamen
539 4168 644 4232 nescio
667 4165 757 4231 multa
779 4167 907 4247 relinqui
930 4174 980 4231 aut
999 4166 1112 4232 rectius
1134 4172 1186 4230 aut
1207 4182 1304 4230 aceu-
