2912 4976
699 447 749 526 85
801 553 823 560 ..

171 653 346 726 eloquentiae
373 653 507 727 allegoria
533 654 705 729 persequitur
731 674 757 711 v.
785 649 965 712 tls-220.
1016 654 1089 712 Satis
1121 658 1202 711 notus
1233 656 1276 708 est

170 757 258 829 liber,
292 773 327 813 ex
352 773 407 830 qno
434 759 503 814 haec
524 757 615 829 imago
637 760 732 816 hausta
754 764 810 830 est,
837 757 961 815 hlnrtiani
982 758 1124 832 Capellae,
1157 757 1275 829 inquam,

172 861 341 934 Satyrioon,
368 861 445 918 onius
478 861 540 918 libri
567 863 621 919 duo
645 863 753 937 priores
775 863 809 920 de
835 863 935 936 nuptiis
957 861 1127 934 Philologiae
1154 866 1182 917 et
1201 861 1276 916 ller-

172 965 255 1035 ourii,
278 963 362 1021 ceteri
385 965 420 1021 de
441 972 544 1038 septem
566 967 669 1024 artibus
690 967 849 1024 liberalibus
870 967 972 1038 singuli
993 972 1087 1037 agunt.
1119 967 1181 1039 lpsa
1208 979 1275 1020 vero

173 1067 327 1139 allegorica
354 1069 498 1126 methodos
525 1085 540 1126 s
566 1071 660 1127 Stoica
688 1070 838 1128 fabularum
865 1070 1058 1144 explanatione
1084 1087 1144 1126 enm
1173 1067 1275 1125 Graeca

174 1171 351 1245 philosophia
374 1172 409 1228 ad
429 1172 549 1230 ludaeos
570 1173 771 1231 Alexandrinos
793 1173 927 1247 pervenit,
954 1173 1048 1245 quiin
1069 1173 1145 1230 libris
1167 1169 1276 1228 Veteris

174 1276 337 1332 Testamenti
353 1274 561 1348 interpretandis
584 1293 616 1332 ea
638 1277 792 1334 utebantur.
825 1277 890 1334 lude
911 1277 938 1333 in
953 1277 1058 1335 Novum
1079 1279 1276 1334 testamentum

174 1387 203 1436 et
229 1379 265 1435 ad
291 1384 383 1453 patres
411 1379 543 1437 ecclesiae
569 1381 677 1437 transiit
702 1387 784 1453 alque
810 1397 870 1438 eum
896 1381 939 1438 bis
965 1381 1032 1454 ipsis
1063 1396 1079 1437 a
1105 1378 1276 1436 scholasticis

175 1490 288 1556 recepta
321 1484 355 1539 ab
387 1484 429 1540 his
458 1485 527 1541 adeo
555 1486 591 1543 ad
611 1487 748 1544 llomanos
774 1488 925 1560 scriptores
954 1485 1073 1543 adhibita
1100 1491 1151 1546 est.
1206 1481 1276 1550 Qui·

175 1587 226 1644 bns
247 1588 355 1658 legibus
377 1589 447 1644 haee
468 1588 539 1644 ratio
561 1588 588 1645 iu
609 1590 701 1646 Bibliis
721 1590 846 1662 legendis
868 1590 996 1647 adstricta
1019 1589 1064 1662 sit,
1091 1589 1175 1644 docet
1194 1586 1276 1657 llngo

176 1707 191 1746 a
213 1693 316 1748 Sancto
332 1692 447 1748 Victore
467 1693 576 1748 Didase.
599 1692 646 1766 Vl,
668 1689 705 1767 43
727 1712 782 1767 qno
805 1695 887 1752 modo
910 1695 944 1752 ad
965 1693 1081 1766 gentiles
1103 1692 1182 1749 etiarn
1204 1689 1277 1748 scri-

174 1801 271 1868 ptores
293 1795 525 1867 accommodetur,
547 1796 611 1869 qnid
633 1797 796 1855 discriminis
819 1797 1018 1856 observandum
1040 1797 1066 1852 io
1088 1796 1175 1852 sacris
1196 1801 1278 1867 atque

176 1897 299 1970 prolenis
316 1898 499 1970 scriptoribus
520 1901 654 1972 legendis,
677 1901 742 1974 quid
753 1903 868 1974 denique
880 1901 1032 1974 allegorica
1043 1902 1111 1957 haec
1122 1899 1193 1956 ratio
1205 1913 1277 1955 con-

175 2001 247 2058 lerat
269 2002 304 2057 ad
324 2001 541 2074 philosophiam,
570 2005 724 2060 accuratius
751 2005 879 2077 exposuit
898 2004 1037 2062 lohannes
1063 2005 1090 2060 in
1113 2002 1277 2060 l'olleratico

174 2106 234 2177 vll,
259 2099 390 2161 10-12.
433 2105 592 2178 Exemplum
615 2106 765 2179 allegoriae
787 2109 821 2163 ad
842 2108 1043 2181 philosophiam
1070 2109 1172 2165 relatae
1193 2122 1278 2180 prae-

176 2210 225 2265 bet
245 2209 315 2265 liber
336 2209 382 2264 ille
404 2209 529 2266 blartiani
540 2209 677 2283 Capellae,
699 2228 816 2283 quocum
838 2212 885 2284 qni
905 2229 921 2267 a
942 2211 1067 2267 dolranne
1088 2216 1184 2266 nostro
1207 2225 1278 2266 oon-

173 2313 300 2386 jungitnr
311 2313 425 2384 Furvus,
443 2313 522 2370 nobis
535 2313 645 2371 omuino
663 2321 705 2372 est
715 2316 834 2385 ignotus.
867 2317 932 2372 Tum
944 2317 1048 2372 demum
1060 2314 1169 2371 videtur
1179 2329 1279 2385 reper-

176 2423 234 2472 tum
256 2433 316 2472 esse
340 2417 399 2472 eius
421 2432 502 2490 opus,
523 2417 655 2490 siquidem
677 2435 722 2475 vr.
746 2411 989 2474 200—210ore
1011 2423 1212 2488 enumerantur,
1234 2415 1279 2488 qui

141 2551 144 2558 ·
177 2519 356 2594 possidebant
377 2520 443 2576 illud
465 2526 492 2575 et
513 2521 646 2593 legerant.

262 2623 341 2680 llatio
364 2630 392 2678 et
413 2623 519 2679 dicendi
541 2625 664 2696 incultas,
686 2625 766 2682 sicuti
783 2627 872 2683 omnia
894 2625 1026 2682 naturalia
1042 2625 1124 2695 hona,
1146 2624 1279 2679 debentur

178 2725 286 2798 gratiae
312 2726 441 2798 Divinae,
474 2744 544 2799 quae
576 2734 603 2784 et
636 2729 695 2801 ipsa
722 2746 769 2786 sua
798 2737 898 2803 sponte
923 2729 1046 2785 homines
1073 2727 1172 2800 recipit
1198 2733 1280 2798 atque

178 2837 295 2886 mentem
317 2837 453 2902 purgata
474 2830 558 2902 vitiis,
581 2848 666 2904 quare
688 2834 769 2890 animi
790 2850 844 2892 non
867 2833 947 2890 dotes
969 2832 1093 2902 (genius)
1115 2831 1208 2901 modo,
1231 2829 1280 2886 sed

178 2933 316 2989 etiamad
339 2933 464 2989 virtutem
486 2941 515 2990 et
535 2935 674 2991 scientiam
697 2937 879 2993 eonlormatio
901 2936 1007 3008 gratiae
1017 2935 1131 2992 Divinae
1152 2935 1280 2991 tribuun-

178 3045 224 3094 tur
245 3054 291 3094 vv.
308 3031 482 3093 221-244.
526 3039 703 3096 Thomsenius
722 3057 814 3112 meus,
835 3041 979 3097 Professor
997 3038 1132 3110 lliliensis,
1154 3035 1281 3108 agnoscit

180 3139 333 3198 doctrinam
360 3140 395 3196 de
422 3140 540 3213 imagine
560 3142 610 3198 Dei
631 3143 737 3214 inuata,
770 3144 804 3198 ad
830 3159 924 3216 quam,
956 3142 1046 3212 gratia
1073 3139 1280 3210 interveniente,

179 3244 288 3301 accedit
309 3243 455 3301 similitudo
476 3244 536 3300 Ilei.
579 3245 653 3301 Hane
676 3246 837 3317 doctrinam,
865 3258 917 3313 qua
939 3246 1040 3318 primus
1062 3244 1169 3300 virtutis
1191 3249 1281 3327 motus

180 3365 196 3404 a
218 3349 277 3403 lleo
300 3348 448 3420 repetitur,
469 3354 499 3404 ut
519 3348 564 3404 hie
586 3367 611 3404 v.
634 3342 711 3420 230,
734 3349 762 3405 et
781 3349 871 3420 gratia
893 3355 1009 3406 mentem
1033 3349 1175 3405 humanam
1196 3363 1281 3420 prae-

180 3451 276 3506 venire
297 3450 406 3521 dieitur,
429 3449 653 3523 essehugustiol,
676 3453 742 3508 satis
761 3458 802 3509 est
818 3459 920 3510 notum.
953 3453 993 3508 Cl.
1004 3452 1120 3523 August.
1138 3451 1173 3507 de
1189 3449 1280 3507 Gratia

179 3554 231 3611 Dei
263 3559 291 3610 el
321 3554 419 3611 hibero
451 3554 583 3611 Arbitrio.
637 3555 679 3612 llli
710 3555 745 3612 de
776 3557 894 3628 imagine
924 3555 975 3611 Dei
1006 3554 1159 3611 hominibus
1190 3553 1281 3611 innata

181 3658 326 3715 doctrinae
347 3658 504 3730 opinionem
526 3658 666 3730 gentilium
694 3661 737 3716 vel
760 3659 941 3716 Romanorum
969 3659 1003 3716 de
1026 3659 1111 3715 Genio
1139 3660 1283 3730 comparat

180 3781 207 3819 v.
219 3754 376 3833 239-42,
398 3762 445 3816 sed
457 3761 588 3818 caducam
600 3777 660 3817 esse
672 3761 784 3818 lienium
795 3778 850 3818 non
862 3761 999 3833 coneedit,
1011 3765 1105 3835 utpote
1118 3775 1152 3815 eo
1165 3759 1281 3815 consilio

181 3871 283 3936 natum,
304 3871 334 3921 ut
354 3865 470 3920 hominis
492 3865 545 3920 lata
568 3865 674 3936 subeat,
696 3865 744 3921 sed
765 3865 856 3922 verius
878 3865 931 3921 dici
952 3867 1011 3922 vult
1031 3865 1150 3921 innatum
1172 3863 1281 3933 honum,

182 3969 258 4042 qaod
293 3968 405 4026 subesse
441 3968 458 4024 i.
491 3985 516 4024 e.
549 3969 724 4026 laudamento
750 3943 817 4025 'esse
849 3969 984 4026 bonorum
1016 3968 1118 4041 possit,
1151 3965 1282 4038 siquidem

182 4073 289 4129 subdita
316 4073 333 4127 i.
361 4089 385 4127 e.
413 4071 544 4128 inleriora
577 4073 648 4129 hona
681 4073 780 4129 virtute
813 4073 909 4128 allecta
935 4071 1061 4143 gratuitis
1093 4072 1111 4127 i.
1140 4087 1164 4126 e.
1193 4069 1283 4142 gratia

184 4177 252 4234 dalis
269 4176 458 4233 accommodet
474 4176 518 4233 vel
535 4176 646 4232 inserat.
679 4176 771 4248 ltaque
788 4173 886 4232 Genius
904 4174 1112 4248 comprehendit
1126 4174 1207 4232 dotes
1223 4173 1283 4230 illas
