2924 4974
617 477 642 553 7

539 577 714 592 O—-u——q

156 677 225 739 150.
343 677 381 740 Et
401 676 547 758 quicquid
567 677 661 758 libuit,
684 678 811 744 eredidit
831 697 902 744 esse
922 680 1015 762 pium,

258 793 434 877 Praeplacet
454 793 504 856 bie
525 812 610 874 usus,
631 797 680 859 eui
701 798 785 878 regis
807 798 904 878 gratia
924 798 1023 880 rnajnr

341 909 446 989 Annis,
467 918 498 974 et
518 913 648 994 pretium
669 903 772 976 senne
792 913 941 978 robrndns
962 913 1061 978 babet

259 1026 495 1109 blandrogernm
516 1028 566 1091 tali
586 1029 645 1091 ritu
666 1029 779 1092 llorere
798 1027 947 1109 videmus,
1117 1051 1145 1090 ne
1158 1050 1287 1100 sarava.

343 1142 405 1208 Sub
427 1161 489 1225 quo
511 1161 570 1208 neo
591 1146 688 1227 turpis
710 1163 802 1210 eausa
823 1148 925 1228 perire
946 1151 1056 1229 potest

155 1260 226 1322 155.
258 1260 453 1342 llarudmgeri
475 1279 576 1342 nugae
597 1262 747 1344 sapientia
766 1280 883 1326 sumna
902 1262 1052 1340 ridentur,

341 1377 503 1460 Verbaque
523 1377 719 1460 blandrogeri
739 1377 868 1443 formula
884 1379 963 1462 juris
985 1384 1082 1442 erunt.

258 1493 383 1558 Prnlreit
400 1512 478 1576 ergo
500 1496 598 1558 minus
620 1497 662 1558 nti
683 1513 826 1559 sermone
847 1495 964 1574 Latine,

345 1611 442 1686 Quam
463 1613 489 1675 si
511 1612 674 1694 eontigerit
694 1611 787 1676 verba
807 1611 937 1676 rotunda
958 1611 1056 1692 lnqui3

259 1725 435 1792 Sudandnrn
454 1729 544 1792 nimis
566 1733 623 1806 est,
643 1733 677 1790 nt
697 1728 801 1810 linqua
821 1729 926 1793 banna
946 1729 1067 1807 sciatur,

156 1841 227 1903 160.
342 1841 469 1924 Absque
489 1844 595 1908 labore
615 1844 668 1908 tibi
688 1861 790 1908 sermo
811 1845 960 1910 rotundus
981 1845 1046 1909 erit.

259 1958 404 2022 {esistunt
423 1960 540 2039 studiis,
562 1962 634 2024 artis
655 1960 800 2044 suffragia
821 1967 979 2042 quaenunt,

342 2074 480 2152 Quorum
500 2077 644 2142 subsidiis
663 2077 769 2160 lingua
789 2084 916 2142 venusta
936 2079 1045 2161 planet.

258 2189 314 2253 Est
333 2192 426 2274 igtur
446 2195 541 2258 salius
561 2195 684 2276 linguas
705 2193 904 2274 confundere,
926 2212 1016 2277 quarn
1036 2195 1082 2258 sic

341 2309 501 2392 Temporis
521 2317 613 2391 atque
632 2313 679 2376 rei
699 2311 808 2376 danna
828 2311 930 2375 subire
951 2311 1049 2374 simul

155 2421 226 2484 165.
260 2423 343 2488 llaec
362 2425 415 2504 illi,
435 2425 493 2492 sed
512 2432 547 2490 tu
578 2445 656 2508 quae
677 2428 738 2492 sint
758 2427 907 2492 elementa
928 2425 1045 2490 sulendi

233 2546 237 2556 ‘
340 2540 379 2604 Et
398 2542 478 2608 bene
500 2543 629 2622 dicendi,
651 2545 707 2608 sub
728 2545 875 2608 brevitate
896 2542 988 2606 neser.

257 2655 375 2738 lngenii
394 2664 504 2724 natura
524 2665 634 2742 potens
656 2661 717 2722 eitn
738 2658 876 2743 possidet
897 2676 1003 2723 omnes
1119 2701 1283 2746 „mmm

341 2773 442 2853 Artes,
463 2776 490 2840 si
511 2775 603 2840 luerit
622 2776 679 2840 ista
700 2776 825 2857 sequela
846 2793 965 2840 eomes:
1138 2773 1256 2821 ‘'llll‘'-

257 2888 386 2954 Auditus
406 2891 502 2970 verbi,
522 2891 667 2956 librorum
687 2893 790 2972 lentio,
811 2893 921 2958 sollers

156 3003 224 3070 170.
321 3005 412 3087 Cura,
433 3010 520 3090 quies
542 3009 650 3074 studiis
671 3016 750 3092 apta,
771 3007 868 3072 fidelis
891 3026 985 3073 amor.

258 3120 350 3205 Optat
369 3125 400 3186 in
422 3125 546 3206 aloquin
567 3127 594 3190 si
617 3127 685 3209 quis
706 3125 881 3209 praeclarus
902 3124 1022 3204 baberi,
1101 3154 1298 3202 quanquam.

341 3240 546 3307 Indubitanter
566 3245 605 3321 ei,
627 3243 711 3325 qued
731 3243 824 3325 eupit,
844 3244 902 3305 ista
923 3241 1048 3306 dabunt:

258 3357 417 3439 Ingenium
433 3359 563 3441 pollens,
580 3359 721 3424 memoris
738 3377 862 3441 queque
872 3358 1006 3441 pecteris
1017 3375 1101 3436 usus,

275 3499 277 3506 >
340 3472 423 3538 Artis
451 3493 541 3558 opes,
562 3477 647 3540 vneis
670 3493 802 3559 organa,
823 3491 925 3538 sermo
945 3474 1100 3556 frequens.

155 3589 224 3652 175.
258 3589 380 3672 siquis
403 3590 439 3654 ab
461 3591 508 3655 his
530 3591 620 3655 titanlis
641 3598 672 3656 et
691 3599 818 3674 peetere
839 3591 933 3676 pollet
954 3596 984 3654 et
1006 3608 1076 3669 ore,
1115 3635 1143 3673 Β,
1157 3635 1248 3673 qm„
1263 3640 1281 3672 a

339 3705 521 3772 Mercurium
538 3709 639 3790 jungit
658 3708 828 3790 Philolngia
847 3708 910 3772 tibi.
1139 3705 1253 3753 prunnon..

256 3821 321 3886 Nee
341 3829 463 3886 moveat
482 3823 605 3888 Maurus
627 3841 746 3906 ponens
766 3825 960 3906 Philolopia,
982 3841 1076 3886 versu

339 3941 465 4004 Ponitur
485 3939 633 4005 interdum
654 3941 769 4024 syllaba
789 3941 883 4023 longa
903 3940 1014 4020 brevis,

149 4238 202 4288 'm
216 4170 250 4289 ll}
261 4169 326 4224 152.
349 4173 461 4235 pretinm
484 4174 522 4234 ll,
546 4173 663 4236 praelum
685 4175 716 4226 L.
749 4173 782 4225 V.
802 4171 859 4226 lat.
881 4174 1015 4226 sollersL
1054 4185 1101 4224 se·
