2912 4976
729 459 780 537 86

656 561 855 574 'an——

203 663 367 736 iunonem,
387 665 484 738 quibua
505 665 594 738 gratia
616 665 751 723 bominem
773 663 841 723 ditat
856 667 901 724 uel
922 663 1040 735 instruit,
1062 681 1132 738 quac
1155 665 1190 722 ab
1213 663 1307 720 eadem

202 767 293 840 gralia
324 767 531 828 numerarentur
567 769 603 828 ad
634 769 716 826 vitam
749 769 898 826 coelestem
929 767 973 825 uel
1005 772 1109 824 aarum
1141 768 1306 839 angelicam.

201 871 327 928 Caterutn
354 871 390 929 de
411 871 502 930 Geniia
523 870 586 930 uida
606 872 632 929 l.
649 872 681 931 ll.
697 871 828 944 damna.
862 871 912 929 Die
933 871 1060 944 Religion
1081 871 1130 928 der
1151 871 1264 942 Romen,
1285 872 1307 942 l,

200 991 229 1048 p.
251 967 300 1032 32.
353 975 427 1034 luter
457 975 529 1034 dona
562 975 608 1032 illa
639 975 748 1048 gratiae
771 975 900 1046 Divinae,
932 989 1003 1047 qnae
1034 975 1170 1031 bominem
1198 975 1307 1030 beatum

200 1077 318 1151 iaciunt,
350 1079 393 1136 vel
420 1079 455 1137 ad
481 1079 565 1138 vitam
591 1079 663 1137 illam
694 1081 843 1136 coelestem
869 1080 1040 1152 provehunt,
1073 1079 1189 1151 primum
1214 1079 1307 1135 locum

200 1187 275 1239 tenet
301 1182 486 1258 pbilosophis,
513 1183 589 1240 cuins
610 1183 704 1240 laudea
725 1199 770 1240 ru.
793 1177 959 1241 245-250
985 1182 1128 1256 expositae
1155 1184 1307 1256 interprete

200 1301 255 1342 nou
280 1284 420 1358 indigent,
446 1284 498 1344 ulai
524 1285 600 1359 quod
626 1287 727 1344 arentia
755 1286 874 1358 erroris,
902 1301 982 1360 quem
1009 1303 1024 1343 a
1046 1286 1223 1360 pbilosopbia
1247 1288 1307 1343 lolli

200 1387 354 1462 praedicat,
384 1395 527 1448 auctorent
548 1387 584 1446 ad
603 1389 793 1460 gravissimum
820 1384 958 1448 bombum
985 1403 1108 1446 errorem
1135 1389 1227 1461 ducit,
1260 1389 1306 1462 qui

199 1491 326 1552 mnndum
347 1507 412 1550 caru
433 1492 495 1565 regi
516 1491 651 1565 opinetur.
684 1493 749 1550 Tum
770 1510 816 1550 rea
838 1493 985 1564 bominum,
1006 1493 1065 1552 sire
1085 1493 1225 1549 secundae
1247 1495 1305 1549 sive

200 1595 334 1654 aduersae
354 1602 427 1668 aunt,
448 1595 505 1654 ludi
529 1595 657 1654 uidentur
676 1597 767 1654 Fortia
788 1597 939 1668 Fortunae,
961 1613 1031 1669 quae
1052 1597 1171 1653 Etrusco
1194 1598 1305 1652 nomine

198 1703 293 1762 Nursia
325 1703 370 1762 vel
400 1702 494 1762 Nortia
525 1709 704 1776 nuncupatur.
757 1703 868 1775 Nursia,
900 1702 973 1777 apud
1000 1701 1194 1758 Tertullianum
1219 1702 1304 1773 Apol.

197 1825 222 1864 a.
244 1801 294 1866 24.
334 1806 554 1880 Vulsiniensium,
574 1807 671 1864 Nortia
691 1806 864 1866 Sutrinorum
885 1807 942 1864 Dea
962 1805 1046 1862 luisse
1068 1805 1186 1876 dicitur,
1209 1805 1303 1860 eadem

197 1912 331 1982 loetum,
352 1925 422 1984 quae
442 1910 515 1984 apud
536 1909 688 1966 Asculaaoa
707 1909 841 1981 Ananis,
869 1909 942 1985 apud
969 1907 1150 1966 Ocrinulauos
1176 1909 1302 1965 Valentia

197 2019 376 2088 nuncupatur.
429 2013 470 2070 (ll.
490 2013 554 2070 lua.
581 2013 638 2070 Sat.
666 2011 703 2084 X,
726 2007 778 2084 74,
798 2012 917 2086 interpp.
965 2010 1082 2068 ductori
1108 2017 1206 2067 nosne
1235 2013 1303 2067 llaec
1327 2068 1329 2073 ,

196 2118 309 2175 Nursiae
330 2115 408 2174 notio
430 2114 549 2174 innotuit
570 2115 650 2172 etiam
666 2116 826 2173 eblartiauo
839 2115 961 2190 Capella,
983 2115 1032 2189 qui
1047 2116 1169 2171 Deorum
1192 2115 1302 2170 comitia

196 2222 354 2279 describens
380 2219 427 2278 lib.
448 2220 470 2293 l,
502 2239 531 2295 p.
559 2215 615 2277 als
662 2222 753 2290 ,Tunc
784 2220 876 2292 etiam,
908 2218 1004 2294 inquit,
1036 2219 1156 2276 omnium
1188 2221 1301 2290 garrula

197 2326 346 2400 puellarum
371 2330 400 2380 et
426 2323 567 2382 contrario
594 2339 703 2397 semper
730 2324 867 2382 duibunda
887 2325 968 2394 luxu,
994 2323 1107 2380 levitate
1128 2323 1228 2395 pernix
1250 2323 1301 2378 de-

196 2429 311 2486 sultoria
332 2426 478 2502 gestiebat,
498 2443 578 2499 quam
600 2425 646 2483 alii
668 2427 776 2484 Sortem
805 2433 937 2498 asserunt,
958 2426 1146 2498 Nemesimque
1167 2427 1300 2496 nonnulli,

197 2531 361 2604 'l'pcbenque
382 2547 462 2604 quam
483 2530 576 2602 plures
598 2535 644 2587 aut
664 2529 793 2586 Nortiam.
837 2530 910 2586 llaec
931 2537 1021 2586 autem
1042 2527 1171 2602 quomam
1192 2529 1299 2600 gremio

197 2635 319 2706 largiore
340 2633 424 2692 totius
449 2631 526 2691 orbis
548 2639 707 2690 ornamenta
729 2632 858 2707 portabat
883 2640 910 2695 et
936 2632 996 2690 aliis
1017 2632 1174 2705 impartiens
1195 2647 1299 2707 repen·

198 2738 260 2795 tinia
286 2736 404 2794 motibus
432 2735 608 2806 conterebat,
636 2735 743 2808 rapiens
764 2735 806 2792 bis
828 2751 921 2793 comas
942 2737 1115 2810 puellariter,
1144 2742 1227 2810 eaput
1248 2736 1300 2793 illis

197 2842 278 2913 virga
289 2838 483 2911 comminuens,
504 2838 670 2911 eisdemque,
691 2837 788 2912 quibus
805 2839 894 2896 luerat
908 2839 1055 2911 eblandita,
1073 2839 1176 2918 ictibus
1194 2840 1299 2897 crebris

197 2949 328 3006 verticem
349 2941 572 3016 complicatisque
594 2943 622 2999 iu
643 2943 779 3014 condylos
806 2943 897 3015 digitis
924 2943 1094 3000 vulnerabat.
1136 2945 1210 3001 llaec
1233 2960 1297 3001 mox

197 3056 228 3107 ut
249 3049 314 3106 Fata
335 3047 481 3122 conspexit
503 3047 603 3118 omnia,
624 3062 694 3120 quae
715 3047 883 3118 gerebantur
901 3047 927 3103 in
944 3047 1023 3104 lovis
1040 3048 1207 3104 consistorio
1230 3049 1298 3104 sub-

200 3161 309 3226 notare,
331 3151 367 3210 ad
387 3169 482 3209 eorum
503 3151 590 3208 libros
606 3156 634 3207 et
654 3151 818 3222 pugillarem
831 3151 957 3224 paginam
973 3151 1095 3207 cucurrit
1111 3158 1138 3208 et
1153 3150 1299 3208 licentiore

197 3259 312 3333 quadam
323 3256 429 3328 ilduoia,
441 3271 511 3329 quae
522 3255 592 3312 lacta
604 3261 797 3326 conspexerat,
809 3254 948 3327 inopinata
957 3255 1143 3329 descriptione
1155 3256 1299 3328 corripuit,

198 3369 227 3421 ut
248 3362 379 3435 quaedam
401 3367 514 3433 repente
536 3358 741 3432 prorumpentia
763 3359 838 3416 velut
859 3373 950 3414 rerum
971 3361 1069 3416 seriem
1097 3360 1300 3432 perturbarent,

198 3467 250 3524 alia
272 3482 358 3538 uero,
390 3480 460 3536 quae
487 3479 627 3519 causarum
654 3463 761 3518 ratione
785 3470 934 3536 prospecta
960 3463 1138 3536 vulgaverat,
1170 3464 1297 3537 quoniam

198 3573 289 3628 lacere
310 3567 459 3641 improvisa
481 3582 537 3624 nau
559 3571 677 3639 poterat,
699 3566 754 3622 suia
777 3567 1006 3640 tamenoperibus
1021 3562 1195 3638 arrogabat.“
1226 3569 1298 3625 Sen-

199 3676 309 3733 tentiam
331 3672 413 3730 debet
434 3669 575 3727 Cbalcidio
603 3685 630 3742 p.
655 3662 716 3724 109
736 3668 771 3725 ad
792 3669 859 3726 Plat.
882 3670 947 3726 Tim.
969 3686 997 3743 p.
1020 3662 1057 3726 lt
1082 3671 1113 3726 D.
1136 3669 1170 3725 de
1191 3669 1249 3727 lato
1271 3677 1299 3724 et

198 3797 263 3837 casu
285 3774 441 3834 disserenti:
478 3773 623 3846 „Breviter
649 3789 718 3844 ergo
741 3789 801 3830 cum
823 3773 893 3830 duae
921 3790 1019 3830 causae
1045 3773 1147 3830 initium
1169 3775 1298 3831 babentes

198 3901 232 3940 ex
254 3880 402 3955 proposito
424 3884 522 3936 nostro
544 3878 581 3934 ita
603 3883 778 3948 concurrunt,
801 3883 907 3934 utnon
929 3877 1003 3951 quod
1019 3878 1192 3952 propositum
1208 3883 1249 3935 est
1270 3883 1298 3933 et

197 3991 281 4058 longe
313 4001 392 4041 secus
428 3988 593 4056 praeterque
624 3965 780 4053 opinionem
813 3980 933 4054 accidat,
965 3982 1103 4054 samanae
1134 3981 1223 4039 ludus
1253 3991 1298 4039 est

197 4095 227 4146 ut
248 4089 271 4145 si
293 4087 352 4162 quis
374 4087 481 4144 occulte
503 4086 657 4142 thesaurum
685 4091 777 4141 terrae
803 4086 926 4158 mandet,
953 4085 1050 4142 debinc
1077 4085 1200 4158 agricola
1227 4101 1297 4158 pro-

199 4192 317 4266 positum
343 4191 445 4248 babens
472 4189 555 4248 vitem
581 4189 695 4247 aliamve
722 4188 869 4262 quamlibet
890 4189 1002 4263 stirpem
1029 4204 1201 4264 propagare,
1233 4189 1297 4245 tirc-
