2924 4974
828 483 854 565 6

740 589 943 608 *vn—..-

184 721 211 760 ῃ.
225 721 343 762 sesenna.
446 685 633 775 ,Aulaeum
655 688 777 754 nimium
799 698 923 756 teneros
946 689 1098 756 sertorius
1120 692 1190 755 olim

552 802 727 887 Discipulos
748 807 843 872 fertur
863 811 909 873 sio
931 809 1075 872 docuisse
1096 825 1190 886 suos3

468 921 586 984 bonor
606 923 686 984 enim
703 924 850 1006 juvenum
870 925 969 1008 pretio
992 925 1168 1008 compulsus
1190 929 1221 986 et
1242 939 1313 986 aere

550 1037 610 1101 l’ro
632 1055 744 1120 magno
766 1039 870 1104 doouit
888 1059 1016 1105 munere
1037 1043 1117 1104 seire
1138 1037 1220 1102 nibil.

367 1155 435 1218 125.
463 1153 547 1218 lineo
556 1153 663 1217 sobole
673 1155 719 1218 sio
725 1157 855 1239 juvenes
864 1159 961 1221 voluit
966 1159 1170 1241 juvenescere
1181 1173 1313 1238 semper,

552 1271 589 1334 Ut
610 1271 814 1356 dedignemur
834 1291 930 1340 nosse
949 1274 999 1337 vel
1021 1291 1092 1337 esse
1113 1289 1215 1335 senes.

467 1389 505 1452 Et
525 1390 663 1471 quumvis
687 1394 808 1454 tuentur
833 1407 900 1454 eom
926 1407 1071 1454 numerus
1094 1387 1313 1466 Garamantum,

552 1504 637 1580 Quos
660 1506 773 1570 undere
794 1513 898 1571 monet
916 1507 1024 1588 iusque
1046 1505 1194 1586 nefasque
1215 1503 1310 1580 furor,

468 1621 554 1698 Quos
575 1621 657 1703 girls,
678 1639 757 1704 quos
779 1622 875 1688 iustus
896 1629 1004 1707 coptos
1025 1623 1141 1685 semine
1163 1622 1275 1703 coegit,

368 1739 436 1804 130.
554 1737 640 1814 Quos
662 1740 790 1802 transire
811 1739 916 1802 Venus
937 1741 967 1802 in
989 1757 1046 1802 suo
1066 1743 1165 1801 castro
1187 1737 1267 1816 lecit,

469 1855 514 1918 l'u
534 1859 635 1917 minen
657 1861 788 1918 armatus
810 1855 920 1938 clypeo
939 1855 1058 1918 virtutis
1079 1861 1110 1916 et
1130 1871 1215 1932 ense,

551 1969 589 2033 llt
607 1971 722 2034 rabiem
744 1971 886 2053 perimus,
909 1972 1017 2035 obvius
1038 1971 1095 2034 ibis
1117 1971 1171 2034 eis.

166 2103 194 2142 n
211 2103 363 2142 futurororum
467 2086 544 2150 lisso
565 2092 734 2150 catenatum
754 2103 790 2152 se
811 2087 908 2152 credit
928 2087 1132 2167 Sertorianos,

234 2176 294 2214 ’Μ’
553 2201 585 2268 Si
601 2201 711 2284 jubens
732 2211 817 2268 reete
835 2206 950 2284 vivere,
971 2205 1038 2268 sive
1058 2204 1153 2286 loqui.

369 2320 436 2383 135.
469 2319 536 2382 lloo
546 2335 634 2398 onus,
646 2335 721 2382 ecee
726 2321 846 2403 jugum,
858 2322 941 2403 quod
950 2323 1048 2385 nitens
1059 2325 1164 2384 nostro
1170 2320 1315 2402 juventus

551 2433 600 2497 Ad
621 2452 770 2500 summum
792 2439 885 2501 currit
905 2439 1104 2521 prosperiore
1124 2438 1188 2514 uia3

467 2551 603 2615 Admittit
622 2550 747 2631 soloen,
769 2555 859 2616 sumit
879 2553 963 2635 quod
983 2554 1134 2617 Barbarus
1156 2551 1256 2630 offert,

551 2667 660 2731 luserit
680 2668 758 2731 bueo
778 2669 890 2748 verbis,
912 2670 1040 2752 negligit
1061 2676 1125 2732 arte
1147 2670 1241 2750 loqui.

469 2782 536 2848 lloo
556 2783 615 2847 ritu
635 2784 769 2866 linguam
791 2787 882 2849 oomit
901 2786 1103 2865 Normonnus,
1125 2785 1230 2849 baberi

369 2901 436 2964 140.
554 2899 632 2963 Dum
654 2903 737 2984 eupit
753 2902 897 2982 urbanus,
918 2903 1199 2986 Fronoigenamque
1215 2902 1314 2982 sequi.

470 3016 595 3080 Aulious
616 3015 677 3079 boo
697 3024 804 3082 noster
824 3017 956 3082 tumidus
977 3037 1121 3082 sermone
1141 3016 1273 3082 rotundo

553 3131 643 3196 Ridet
662 3135 769 3197 notulis
789 3136 902 3198 rustico
922 3135 1016 3199 verbo
1037 3135 1104 3198 soli.

465 3250 572 3316 Semno
582 3249 731 3316 rotundus
742 3251 792 3313 bio
803 3257 858 3330 est,
870 3269 960 3332 quem
971 3249 1316 3334 regulunulluooorotot,

556 3367 652 3441 Quem
674 3383 752 3448 gens
774 3367 855 3431 nullu
875 3374 978 3451 potest
998 3368 1101 3432 dieere
1125 3369 1195 3450 jure
1218 3383 1315 3429 suum.

371 3485 437 3548 145.
471 3484 545 3547 Vilis
567 3482 648 3565 opud
669 3490 790 3547 veteres
812 3484 909 3548 luerat
931 3484 1039 3549 modus
1060 3485 1119 3547 iste
1140 3481 1296 3564 loquendi,

555 3598 639 3682 Lege
660 3599 741 3662 bono
762 3601 869 3664 solitos
890 3603 1005 3680 vivere,
1027 3602 1097 3683 lege
1119 3601 1212 3682 loqui.

474 3718 536 3783 Sed
558 3717 628 3798 quia
649 3717 835 3799 temporibus
856 3717 978 3782 Hirceni
1000 3717 1102 3780 iloruit
1123 3717 1203 3792 olim,

558 3831 614 3898 Cui
635 3851 710 3915 pree
731 3833 803 3914 lege
824 3835 881 3897 Dei
902 3841 988 3916 greio
1010 3834 1103 3897 libido
1123 3833 1188 3911 fuit,

476 3952 534 4026 Qui
555 3967 647 4033 reges
670 3950 746 4013 salso
768 3951 849 4014 nullo
870 3950 1018 4033 sublege
1040 3951 1153 4028 teneri,

436 4118 468 4168 V.
481 4115 537 4168 123.
555 4119 638 4180 pretio
655 4120 689 4179 ll,
708 4117 795 4181 predo
813 4118 842 4168 l..
869 4118 901 4168 V.
912 4117 969 4168 133.
987 4117 1050 4180 Arg.
1069 4131 1099 4168 eu
1115 4119 1163 4168 Lm
1176 4116 1319 4176 depromp-

369 4190 427 4235 tum
450 4184 477 4234 in
499 4185 552 4235 lim
574 4185 658 4236 deest.
692 4184 725 4236 V.
745 4183 801 4236 135.
817 4186 943 4247 iuventus
960 4186 993 4245 L,
1009 4185 1118 4246 juventu
1140 4184 1174 4236 ll.
1208 4181 1241 4233 V.
1261 4179 1318 4232 143.

370 4256 484 4303 comolet
500 4252 534 4312 ll,
551 4256 650 4303 coortat
666 4252 695 4303 L.
