2912 4976
762 471 812 549 68

686 575 887 586 ψ...-

236 679 289 748 ,lit
315 682 387 754 qaia
418 679 534 738 Veritas
562 677 742 738 Prudentiae
769 683 896 738 materia
922 691 980 752 est,
1009 683 1097 748 (nom
1118 684 1149 738 io
1171 683 1234 738 ceri
1259 697 1335 738 com-

228 783 423 856 prehensione
445 783 586 850 inierat)
606 785 755 856 murat
777 788 893 860 antiqui
917 775 1074 862 Φρόνησιν
1107 793 1136 844 et
1166 777 1334 861 Ἀληθεὶαν

233 903 299 944 erae
322 905 490 960 amona,
524 905 559 944 eo
579 887 656 962 qaod
677 887 857 946 Prudentiae
877 907 942 947 cum
968 890 1099 948 Veritate
1121 897 1165 946 est
1189 890 1335 962 quaedum

232 991 339 1048 moino
359 989 525 1066 coarctio.“
580 991 692 1065 Reperio
717 993 790 1065 apud
816 993 974 1050 Mattianum
996 991 1133 1064 Capellam
1161 993 1208 1059 (in
1230 993 1334 1065 Nuptiis

231 1094 358 1152 tlercurii
385 1101 414 1152 et
441 1094 611 1168 Philologiae
637 1095 728 1154 lilr.ll
755 1089 845 1170 1228
871 1103 900 1152 et
926 1089 966 1152 33
989 1097 1031 1153 ed.
1053 1095 1138 1168 lugd.
1162 1097 1218 1153 Bet
1246 1090 1333 1166 1599,

229 1191 269 1264 8)
305 1199 376 1256 hano
406 1198 583 1272 allegoriam,
636 1200 713 1258 cuius
750 1199 833 1272 origo
871 1199 1020 1272 repetenda
1057 1205 1099 1256 cat
1137 1215 1172 1256 ex
1207 1200 1332 1256 doctrina

230 1301 421 1359 Gnosticorum
446 1301 481 1360 de
506 1301 646 1360 Aeonibua
673 1302 747 1376 apud
773 1303 965 1360 Tertullianum
991 1304 1019 1358 in
1040 1302 1134 1360 libello
1166 1303 1334 1372 ,adversm

235 1404 487 1464 Valentioioncr.“
540 1406 569 1462 la
601 1407 695 1463 haram
727 1421 857 1464 sororum
883 1405 1005 1462 moribus
1033 1405 1220 1462 describendis
1249 1414 1332 1480 poeta

230 1525 323 1564 rurrua
344 1507 380 1565 ad
400 1509 519 1566 libellum
539 1526 571 1566 ae
592 1510 730 1568 convertit
750 1516 862 1582 optem,
884 1515 914 1566 ut
934 1509 998 1566 illae
1018 1508 1070 1566 sibi
1092 1515 1121 1564 ct
1141 1510 1332 1568 meditationes

228 1611 337 1678 (ouras)
359 1617 386 1668 ct
407 1612 553 1670 dictionem
574 1613 758 1686 suppeditent,
780 1631 806 1672 v.
831 1607 879 1684 19,
900 1619 929 1669 et
949 1613 1036 1686 ipsum
1057 1613 1177 1670 libellum
1200 1613 1332 1684 gravibus

228 1715 294 1772 viria
316 1717 514 1788 commendent,
535 1733 561 1774 v.
583 1710 640 1788 20,
666 1731 716 1790 per
738 1722 825 1774 totum
846 1716 962 1790 denique
983 1717 1082 1774 librum
1103 1723 1284 1790 perseverent
1304 1723 1333 1771 et

228 1817 375 1878 dictionem
397 1821 495 1896 cuique
516 1819 557 1878 rei
578 1827 667 1894 aptam
689 1821 818 1892 reddant,
840 1838 866 1880 v.
889 1815 938 1878 21.
961 1814 1010 1878 22.

666 2402 701 2458 V.
722 2395 886 2461 23-164.

272 2550 316 2605 [lli
350 2547 595 2606 rumosorttmu
628 2547 835 2606 conutitutis
867 2548 911 2604 ΕΤ
944 2549 1146 2608 coltttssttclo
1181 2551 1283 2608 triton

559 2649 715 2709 rantslos
745 2650 789 2708 ΕΤ
821 2649 991 2710 oxomam.

374 2813 406 2866 Et
423 2812 515 2880 procul
534 2821 559 2864 et
577 2813 684 2880 propius
698 2811 752 2878 jam
769 2811 883 2864 Francus
901 2821 928 2864 ct
944 2811 1070 2880 Anglicus
1088 2831 1171 2884 acque

374 2899 488 2964 Norunt,
506 2897 612 2951 Parisiis
631 2899 693 2966 quid
709 2899 820 2950 iecerint
839 2897 1015 2958 Oxoniaenuc.

430 2999 514 3052 Wood
530 2999 599 3051 Hist.
618 3006 643 3051 et
660 2995 735 3050 Aser.
753 2997 823 3050 univ.
843 2999 925 3051 Oeen.
944 2999 970 3062 l,
991 3019 1018 3070 p.
1036 3001 1080 3064 84,
1100 3003 1138 3054 ad
1152 3021 1177 3054 a.
1201 3005 1275 3064 1231,

306 3389 341 3448 Ut
366 3398 488 3449 veterum
514 3391 743 3464 philosophorum
770 3394 924 3466 systematis
950 3393 1142 3452 adumbrandis
1169 3413 1245 3454 suam
1273 3415 1325 3454 ex-

222 3502 308 3569 ponat
329 3496 490 3569 doctrinam,
513 3495 582 3552 viam
604 3493 656 3552 sibi
677 3503 758 3568 parat
779 3514 795 3553 a
816 3497 992 3571 philosophia
1014 3499 1110 3554 aetatis
1132 3517 1198 3556 auae
1220 3501 1324 3574 depra-

221 3605 292 3655 vata.
334 3598 440 3656 Initium
461 3597 535 3673 capit
556 3617 571 3655 a
594 3599 692 3670 trivio,
720 3600 794 3672 quod
814 3603 1018 3674 grammaticen,
1039 3603 1196 3660 rlrctoriccn
1218 3611 1247 3660 ct
1261 3605 1324 3662 dia-

221 3703 336 3760 lecticen
358 3704 601 3776 complectebatur,
624 3721 690 3778 quas
712 3721 767 3760 nou
788 3704 909 3777 singulas
930 3705 1069 3778 describit,
1092 3708 1141 3764 scd
1162 3708 1324 3779 conjunctas

221 3813 336 3879 tractat,
369 3807 407 3863 ita
433 3813 521 3864 tamen
548 3814 578 3864 ut
599 3809 674 3881 prius
697 3808 731 3864 de
753 3809 861 3880 logice,
893 3809 997 3866 ordinis
1018 3811 1174 3884 ellectrice,
1206 3812 1324 3869 disserat

220 3929 246 3967 v.
273 3903 444 3982 25-131,
480 3911 579 3968 deinde
610 3912 636 3967 ci
665 3913 860 3982 gratnmaticen
886 3931 912 3970 v.
944 3907 1116 3970 132-164
1143 3922 1172 3971 et
1203 3917 1322 3989 quodam

221 4014 304 4070 mado
326 4013 407 4070 etiam
429 4013 586 4071 rhetoricen
607 4015 767 4087 subjungat,
789 4033 948 4090 quamquam
970 4018 1004 4073 de
1025 4019 1077 4075 lmc
1098 4025 1194 4091 postea
1216 4020 1322 4076 demum

220 4117 321 4176 diserte
342 4117 411 4191 agit,
432 4119 478 4175 uhi
500 4121 530 4186 (a
553 4135 633 4176 versu
657 4112 715 4174 164
738 4118 813 4184 inde)
835 4135 929 4177 veram
950 4121 1161 4195 philosophandi
1187 4123 1321 4180 rationem

220 4219 309 4280 tradit.
363 4222 466 4295 logica
488 4221 553 4296 quid
575 4223 674 4295 valeat,
702 4221 836 4293 dicturus,
870 4239 925 4281 oon
951 4223 1036 4298 ipsius
1063 4225 1116 4284 vim
1144 4233 1172 4284 et
1198 4234 1320 4286 naturam
