2924 4974
608 445 654 520 21

259 649 318 722 Qui
339 646 448 711 sordes
469 645 558 728 parit,
581 651 683 728 auget,
706 651 794 723 amat,
816 645 867 726 qui
879 644 953 708 fallit
963 652 1107 725 amantes,

343 761 544 844 Cultorcsque
565 777 640 824 suos
663 761 886 826 commaculare
907 761 993 826 solet.

256 881 342 944 lianc
362 880 499 961 requiem
526 895 614 942 sacra
635 878 747 960 scripta
769 879 896 957 docent,
927 877 984 942 sed
1011 877 1107 960 gratia

753 1000 895 1078 praestat,
1118 1001 1294 1082 tultaiftet

343 1113 410 1187 Qua
430 1113 498 1174 sine
518 1111 599 1174 nulla
621 1113 708 1193 quies
729 1113 814 1194 pacis
836 1129 964 1174 amoena
986 1110 1082 1174 datur.
1105 1071 1303 1121 ⁶¹⁸w⁸mq⁰'‘¹‘m'

151 1233 223 1294 555.
256 1229 333 1294 Nam
354 1229 490 1313 gaudere
511 1229 616 1307 semel,
638 1230 745 1292 iterum
766 1227 902 1310 gaudere
919 1227 1061 1311 jubemur

342 1347 376 1409 ln
397 1346 532 1425 domino,
555 1347 606 1427 qui
628 1347 680 1409 dat
699 1344 811 1429 gaudia
832 1343 923 1426 dupla
943 1344 1016 1408 suis.

257 1463 291 1526 ln
313 1481 369 1544 spe
391 1481 473 1526 nunc
494 1462 633 1546 gaudem
656 1462 772 1526 animus
794 1461 961 1540 laetabitur,
982 1461 1013 1524 in
1034 1478 1071 1522 rc

342 1577 471 1644 Sumens
492 1579 614 1644 militiae
634 1580 768 1653 praemia
789 1579 879 1663 plena
900 1596 985 1644 suae.
1112 1651 1117 1662 ,

256 1697 391 1760 Praemia
408 1696 579 1779 (lupianum,
601 1713 670 1758 cum
685 1713 783 1774 mens,
804 1713 876 1760 caru
888 1695 1104 1779 glorificantur,
1118 1711 1145 1748 ue
1159 1709 1229 1757 annuo
1244 1709 1301 1759 tuto

150 1813 223 1875 565.
341 1811 373 1878 si
393 1813 433 1875 sn
453 1813 484 1875 m
507 1813 660 1891 aarum,
683 1813 780 1895 grona
802 1811 909 1896 simpla
930 1813 1026 1877 darm.
1149 1789 1168 1819 ‘³
1186 1783 1260 1830 '*‘“¹'¹⁰·

258 1929 321 1994 Sed
342 1931 462 2010 quotics
485 1930 602 1994 animae
622 1929 779 2012 praecedit
801 1930 909 2013 gloria,
932 1935 1058 2006 constat,

341 2046 431 2120 Quod
453 2063 526 2109 carc
546 2062 605 2128 pro
627 2047 739 2108 meritis
755 2063 865 2109 munus
882 2045 1002 2110 habebit
1016 2045 1105 2108 idem.

258 2161 383 2226 Sobrius
406 2163 529 2226 exaudit
549 2162 636 2244 leges
656 2162 817 2243 Epicurus,
839 2167 870 2226 et
889 2161 969 2226 idem
1106 2183 1133 2219 m
1154 2192 1217 2218 000000
1236 2181 1305 2230 qm.

340 2278 448 2342 Ebrius
471 2285 518 2342 est
539 2279 650 2342 Veneri
673 2277 808 2342 subditus
831 2284 922 2360 atque
944 2278 1043 2360 gulae.
1167 2263 1246 2290 '‘W'‘

152 2394 225 2457 565.
258 2393 315 2458 llic
336 2393 421 2458 luber
441 2395 593 2473 incudem,
615 2413 705 2476 quana
727 2394 930 2458 circumvallat
951 2397 1042 2472 inani,

341 2511 420 2593 Figit
440 2513 471 2574 in
492 2512 620 2590 incerte,
644 2517 745 2574 cetera
767 2529 856 2574 casus
879 2513 949 2593 agit.

260 2625 379 2690 Cunilat
397 2629 429 2690 in
449 2629 625 2690 immensem
647 2627 828 2709 corpuscula
848 2644 937 2690 casus
954 2645 1105 2704 aceruum,

275 2791 279 2798 .
342 2743 379 2807 Ut
399 2744 451 2807 stat
471 2744 574 2809 mundi
595 2745 741 2808 maximus
762 2745 819 2807 iste
840 2743 959 2826 globus.

258 2863 391 2942 Fixaque
412 2863 472 2924 sint
485 2863 640 2926 elementa
660 2860 737 2923 locis
758 2858 814 2923 sub
835 2857 907 2942 lege
927 2860 1065 2941 perenni,

152 2977 224 3039 570.
341 2979 439 3060 thue
460 2982 545 3042 vices
566 2982 716 3061 peragant
735 2982 872 3058 tempora
894 2982 976 3039 certa
997 2991 1078 3039 suas.

258 3093 342 3157 Haec
352 3114 475 3178 quoque
486 3101 570 3160 secta
581 3095 681 3173 docet,
693 3094 820 3156 animam
832 3095 1105 3176 cumcarneperire

341 3211 379 3274 Et
398 3211 510 3276 frustra
530 3212 616 3294 leges
633 3212 838 3294 justitiamque
860 3208 929 3272 culi.

258 3325 389 3390 Flatibus
411 3328 565 3392 assimulat
585 3327 704 3391 subtilia
725 3343 857 3410 corpora
879 3331 1005 3405 memes,

341 3443 542 3526 Mentiturque
563 3445 620 3527 piis
641 3444 777 3527 praemia
797 3444 878 3508 nulla
899 3442 973 3505 dari.

154 3560 224 3622 575.
259 3559 340 3634 Quid
351 3559 468 3641 deceat,
484 3564 593 3639 neseit3
609 3562 724 3640 Venus,
741 3560 816 3639 alea,
831 3577 967 3637 somnus,
982 3557 1104 3636 odores,

343 3676 454 3741 Cressa
476 3680 585 3757 culina,
602 3680 704 3762 jocus,
727 3679 797 3754 otia,
818 3677 887 3738 vina
904 3674 1019 3757 juvant.

259 3793 325 3856 istis
348 3795 497 3858 addantur
516 3795 651 3878 plausus,
674 3793 924 3875 fallaciamque

342 3909 381 3974 Et
403 3911 545 3993 quicquid
567 3913 684 3990 mimuS,
706 3911 822 3988 histrio,
844 3927 949 3972 scurra
965 3909 1102 3992 probant.

257 4025 438 4110 Manciplum
459 4029 572 4092 ventris
594 4047 655 4090 non
678 4034 771 4106 curat,
794 4027 866 4108 quid
880 4027 919 4089 sit
933 4025 1103 4104 honestum,
1123 4032 1176 4078 tut
1194 4033 1284 4082 apem.

154 4143 223 4206 580.
341 4145 563 4227 Fortunamque
586 4151 668 4227 putat
688 4145 817 4206 numinis
840 4162 908 4206 esse
931 4144 1010 4220 laco,
1117 4115 1233 4214 “ww
1250 4106 1290 4143 ⁰⁶⁰
