2924 4974
411 1229 413 1235 .
481 1136 948 1244 Pltottontlttin.

676 1361 787 1370 ·.--—--

161 1484 332 1588 Maximi
353 1524 496 1586 momenti
518 1527 565 1584 est
587 1523 625 1584 ad
646 1540 768 1588 carmen
789 1533 925 1590 nostrum
948 1526 1088 1582 accurate
1110 1521 1264 1600 interpre-

161 1625 283 1688 tandum
312 1627 513 1702 constituere,
546 1642 608 1706 quo
639 1631 777 1708 tempore
805 1631 836 1687 et
861 1623 931 1688 ioco
963 1624 1119 1688 Johannes
1150 1623 1264 1686 Parvus

162 1729 414 1807 Saresberiensis‚
435 1729 720 1811 posteaepisccpus
733 1728 940 1806 carnotensis,
963 1728 1036 1792 iilud
1048 1727 1263 1808 composuerit.

163 1833 294 1896 Thomas
331 1832 459 1910 Becket,
496 1833 545 1895 cui
578 1833 757 1914 opusculum
797 1832 961 1909 dedicavit,
1000 1831 1125 1894 testibus
1164 1847 1264 1890 rerum

162 1936 358 2018 Anglicarum
380 1937 553 2000 auctoribus
574 1941 687 1999 tantum
698 1954 760 2000 non
783 1936 937 2013 omuibuS,
960 1934 1134 1997 cancellarii
1156 1950 1265 1994 munus

162 2041 297 2122 suscepit
319 2058 345 2102 a.
371 2040 449 2102 1155
462 2047 501 2118 et,
523 2040 610 2102 sicuti
633 2056 738 2102 omnes
760 2039 890 2116 tradunt,
913 2037 1162 2119 archiepiscopus
1180 2036 1265 2098 Can-

162 2145 323 2207 tuariensis
348 2145 445 2207 factus
472 2151 520 2208 est
542 2163 568 2206 a.
598 2143 686 2206 1161.
731 2143 861 2207 Carmen
888 2149 1024 2205 nostrum
1053 2159 1120 2203 cum
1142 2157 1205 2202 non
1228 2139 1265 2201 ad

163 2249 444 2330 archiepiscopum,
477 2249 532 2311 sed
571 2246 608 2310 ad
636 2249 856 2310 cancellarium
887 2248 1010 2308 missum
1042 2261 1127 2321 esse,
1158 2261 1265 2305 versus

166 2351 341 2416 1295-98
363 2353 493 2434 doceant
515 2357 545 2414 et
566 2351 681 2414 codicis
703 2351 904 2414 Londinensis
926 2350 1107 2430 subscriptio
1131 2347 1265 2422 affirmet,

160 2459 241 2518 inter
261 2475 372 2519 annum
397 2456 624 2534 1155011161,
646 2455 778 2518 Henrico
800 2454 936 2517 secundo
954 2460 1111 2535 regnante,
1135 2468 1266 2533 compo-

162 2563 252 2624 situm
274 2579 344 2623 esse
365 2561 514 2624 uidemus.
558 2560 627 2624 Non
648 2559 741 2622 mutto
764 2565 925 2640 postquam
941 2556 1089 2620 chricus
1112 2555 1265 2617 secundus

163 2669 195 2727 in
228 2682 326 2746 regno
358 2666 523 2741 successit,
556 2663 587 2726 id
613 2663 723 2726 sactum
746 2661 889 2724 crederes
912 2667 1038 2743 propter
1058 2677 1165 2721 versus
1188 2657 1265 2719 1163

164 2767 270 2831 0164τ

247 2871 373 2950 „Ebrio
392 2875 541 2954 fortunae
562 2871 653 2934 donis
673 2887 754 2933 noco
776 2871 865 2933 curio
886 2887 959 2948 repe

247 2974 333 3052 „Sub
351 2976 561 3056 puerocredit
582 2983 694 3037 moneta
716 2975 810 3036 licere
831 2972 932 3047 aibi“,·

165 3081 343 3162 praesertim
375 3098 443 3142 cum
475 3081 506 3142 in
527 3085 590 3141 1010
614 3079 747 3140 carmine
779 3096 835 3139 rex
856 3076 1038 3158 Stephanus,
1062 3075 1181 3137 Hircani
1205 3090 1266 3134 nc-

164 3184 255 3261 mine‚
278 3190 308 3246 et
330 3184 381 3264 qui
403 3201 442 3246 eo
464 3189 612 3264 regnante
634 3197 768 3244 summos
791 3181 982 3261 magistratus
1004 3184 1172 3261 gesserant,
1195 3194 1267 3239 sae-

165 3289 234 3370 pius
256 3288 461 3368 exagitentur,
488 3305 577 3368 quam
605 3303 655 3348 res
682 3285 813 3347 Henrico
842 3291 991 3366 regnante
1024 3290 1130 3364 gestae
1158 3281 1267 3343 adum-

165 3392 299 3454 brentur.
342 3390 490 3457 ilenricus
511 3408 602 3468 vero,
629 3407 697 3452 cum
719 3407 848 3469 regnum
874 3389 1060 3469 susciperet,
1073 3389 1135 3468 jam
1159 3404 1268 3448 annum

165 3497 341 3558 vicesimum
362 3496 490 3576 primum
511 3500 598 3556 natus
621 3499 700 3571 erat,
733 3499 765 3554 ut
786 3499 846 3554 tum
867 3499 932 3568 vix,
966 3492 1063 3552 minus
1086 3492 1173 3552 etiam
1195 3490 1268 3570 plu-

165 3599 248 3662 ribus
282 3599 367 3661 annis
400 3604 471 3681 post
502 3615 580 3679 puer
612 3597 780 3678 nuncupari
812 3597 949 3678 potuisse
987 3593 1140 3670 videatur3
1174 3611 1268 3673 quare

167 3703 309 3783 conjiciat
330 3701 454 3782 aliquis,
476 3718 582 3781 regem
604 3717 731 3781 puerum
754 3716 816 3760 non
844 3716 914 3760 esse
940 3715 1045 3780 regem
1068 3699 1181 3780 ipsum,
1214 3697 1270 3758 sed

167 3824 294 3886 puerum
315 3807 450 3887 regium,
472 3805 554 3886 regis
577 3803 698 3866 Henrici
721 3803 813 3865 tilium
835 3809 906 3864 natu
933 3804 1108 3878 maximum,
1135 3804 1187 3882 qui
1215 3802 1269 3862 etsi

168 3909 265 3972 inians
302 3911 397 3991 patris
434 3925 559 3972 munere
596 3906 745 3970 interdum
778 3907 967 3988 fungebatur.
1025 3906 1104 3968 John
1137 3905 1270 3985 Lingard

169 4013 277 4075 Geseh.
311 4031 371 4076 von
398 4011 538 4094 England
566 4012 600 4074 11.
625 4013 652 4074 5.
696 4011 831 4074 Deutseh
862 4027 923 4072 uon
953 4009 1028 4072 Salis
1057 4029 1085 4089 p.
1115 4008 1185 4070 256.
1210 4009 1270 4072 Sed

168 4118 308 4198 equidem
334 4122 456 4199 poetam
483 4117 580 4178 minus
608 4121 748 4178 accurate
770 4121 800 4176 et
827 4115 1018 4194 contemptim
1047 4107 1085 4173 de
1106 4115 1173 4192 ipso
1195 4129 1271 4191 rege

168 4220 250 4301 loqui
277 4223 377 4302 potius
401 4221 589 4284 crediderim.
648 4218 786 4282 Oiierunt
806 4236 877 4280 sese
899 4218 1095 4298 gravissimae
1127 4217 1270 4292 rationeS,

1022 4320 1034 4379 1
1051 4321 1071 4357 {³
