2924 4974
594 453 643 528 27

246 656 312 723 Sed
332 657 427 722 fastus
449 655 574 719 rationis
596 656 699 734 obest,
721 653 834 716 erroris
856 651 985 730 amisus,
1093 653 1123 764 ⁵⁰:
1141 653 1293 775 'ppppffi

333 774 402 849 Quo
424 771 593 836 maouluute
615 771 692 835 iides
714 775 859 836 evacuata
879 770 966 853 perit.
1092 751 1172 834 ...ξω
1189 795 1293 834 “pepp

245 890 401 954 Pessimus
421 888 536 952 erroris
557 903 662 950 eomes
683 893 733 952 est
752 886 830 950 elatu
848 884 999 963 voluutas,
1093 867 1293 984 ”ossmfffffm'rf

333 1005 419 1080 Quae
432 1004 545 1068 frustm
561 1008 678 1066 mantes
694 1008 800 1068 ourvat
815 1002 853 1065 ad
870 1019 960 1066 omne
975 1003 1093 1068 mulum.
1147 1013 1166 1048 ‘⁸
1178 1009 1238 1048 vro..

139 1121 212 1184 725.
248 1121 349 1184 Tertia
369 1119 534 1203 praedictis
555 1117 697 1202 adjuuota
717 1119 860 1202 superbia
879 1119 961 1182 vitae

333 1237 461 1301 Omnem
481 1237 620 1300 virtutem
639 1236 757 1300 subruit
777 1241 867 1317 atque
887 1241 985 1298 necat

245 1353 429 1418 Distrahitur
448 1353 542 1418 miser
550 1351 707 1416 Aroesilas
716 1358 748 1416 et
757 1352 789 1417 iu
800 1350 939 1414 omnihus
949 1369 1062 1437 anceps
1093 1355 1123 1463 ξε
1141 1354 1230 1406 ‘'um'‘
1243 1359 1293 1398 ⁴⁰·-

330 1468 466 1534 Fluotuut
486 1474 517 1533 et
537 1471 649 1548 nescit,
671 1486 732 1550 quo
753 1467 826 1532 vetit
845 1485 915 1532 asse
935 1467 1017 1548 loeo,
1093 1427 1293 1549 ιζᾞῖι.;η“ἶ

246 1585 389 1668 Pervigiii
409 1585 510 1650 studio
531 1603 656 1670 semper
675 1583 821 1667 fluuiorum
843 1586 960 1665 quaeri
1143 1579 1189 1619 “¹''
1203 1576 1240 1610 ‘¹⁸‘

140 1701 214 1766 730.
332 1701 423 1780 Vera,
443 1719 503 1766 neo
523 1702 555 1765 iu
576 1702 684 1766 studiis
705 1701 790 1764 norit
808 1700 922 1765 habere
941 1702 1073 1784 modum,

248 1817 358 1882 Omuia
377 1818 541 1901 perlustrat
561 1820 732 1901 sapientum
753 1817 908 1900 dogmata,
929 1818 1049 1886 taudem

332 1935 480 2016 [gnorare
502 1934 594 1998 docet
614 1942 715 1999 omnia
735 1951 808 1998 vera
828 1949 913 1997 suos.

246 2051 399 2133 Perpetuo
419 2068 490 2114 uam
511 2069 585 2116 vera
605 2051 713 2130 latent,
734 2051 762 2116 si
782 2049 915 2114 creditur
934 2051 986 2131 illi,

330 2165 400 2230 Nou
421 2183 459 2229 aa
479 2166 613 2231 mortuiis
636 2168 741 2250 pervia
761 2183 870 2232 seusus
889 2166 989 2230 habet.

140 2283 214 2346 735.
247 2283 344 2346 Posse
364 2281 438 2346 nihil
459 2283 532 2348 sciri
551 2281 690 2348 laudatur
711 2283 795 2348 Zeno
816 2282 980 2365 probasse,
1094 2300 1122 2339 ue
1135 2301 1216 2340 zoua.

332 2398 468 2462 Haereus
490 2397 522 2460 iu
543 2399 660 2462 oureus
681 2406 713 2462 et
734 2399 869 2482 dubitare
882 2400 1004 2483 jubens.

248 2515 334 2582 Scire
356 2513 430 2581 nihil
449 2513 519 2578 unis
540 2531 672 2596 operae,
692 2514 839 2597 longique
858 2514 971 2580 laboris

331 2631 370 2694 Et
389 2637 534 2712 quaestus
555 2631 674 2713 maguis
695 2630 862 2714 sumptibus
883 2632 940 2694 iste
961 2631 1056 2696 datum.

246 2746 297 2810 Ad
317 2745 410 2813 Sarnii
430 2763 543 2813 nomeu
563 2747 663 2810 numius
685 2746 878 2826 eousoeudit,
898 2747 931 2810 iu
950 2748 1030 2829 ipso,
1093 2747 1248 2858 ⁰⁰4⁹''¹'¹‘⁰.”
1275 2760 1294 2790 ε·

141 2865 213 2928 740.
332 2863 370 2925 Ut
389 2869 509 2926 veteres
529 2861 704 2946 perhibent,
724 2863 816 2946 plena
837 2861 952 2946 Sophia
973 2863 1036 2928 fuit
1131 2828 1264 2873 ‘’mum''

246 2980 296 3044 Ad
316 2977 438 3062 frugum
458 2979 538 3044 vitae
558 2979 692 3044 melioris
714 2980 805 3044 molle
828 2980 991 3043 Tarentum

332 3094 493 3174 Pertruhit‚
509 3101 543 3158 ut
557 3113 675 3159 morum
690 3113 825 3160 summus
841 3097 872 3158 in
888 3096 964 3160 orbe
979 3101 1072 3160 sator.

248 3211 390 3293 Quinque
405 3211 509 3294 polum
523 3227 622 3276 zonae
634 3211 838 3294 distinguunt,
860 3216 933 3275 aira
950 3213 1093 3294 quinque,

331 3328 385 3392 Est
405 3326 512 3393 eadem
532 3327 618 3409 ponti
637 3328 734 3392 seotio
756 3329 822 3391 sive
844 3327 912 3391 soli.

141 3446 213 3508 745.
246 3442 288 3507 At
308 3443 427 3509 Samius
448 3448 510 3506 tres
533 3461 603 3506 esse
625 3442 731 3522 docet,
747 3443 937 3526 mediamque
955 3444 1073 3508 colonis

332 3559 449 3637 Tradit,
471 3565 502 3621 at
521 3559 553 3622 in
574 3558 698 3640 reliquis
720 3560 809 3642 algor
825 3566 856 3622 et
873 3567 973 3624 aestus
989 3567 1092 3644 agunt.

249 3675 383 3741 Tradere
398 3693 464 3738 rem
481 3673 601 3738 dubiam
617 3673 708 3738 seclis
725 3681 811 3757 putat
827 3693 896 3740 esse
917 3676 1093 3758 profanum,

331 3789 438 3872 Neque
457 3789 530 3853 velit
549 3791 673 3872 sapiens
695 3809 779 3870 esse,
801 3796 895 3874 poeta
915 3798 1003 3856 vetat.

209 4075 243 4124 V.
262 4073 320 4126 721.
337 4073 402 4138 urg.
421 4077 559 4135 scientiae,
582 4077 691 4128 rationis
712 4079 746 4136 L,
770 4077 893 4137 rationis,
916 4077 1042 4128 scientiae
1059 4079 1093 4128 H.

141 4143 174 4194 V.
185 4139 243 4192 739.
261 4138 326 4206 Arg.
345 4144 465 4206 dogmate
480 4143 538 4194 eius
547 4143 575 4203 L,
594 4144 652 4194 eius
664 4145 752 4207 dogm.
761 4145 795 4196 Η.
830 4145 878 4196 Vv.
889 4141 1020 4194 tul-sou
1027 4143 1056 4194 iu
1064 4146 1094 4203 L,

142 4207 254 4272 margini
273 4210 408 4272 adscripti.

874 4311 894 4370 4
