2924 4974
606 479 650 554 11

526 579 727 592 m

259 682 329 746 Nou
349 687 507 766 praestare
528 685 631 763 potest
650 679 723 744 iliud
745 685 851 744 natura
871 679 1004 758 subacta,

152 799 226 862 270.
344 799 442 873 Quam
468 797 577 880 premit
596 797 709 861 inflicto
730 796 857 860 vulnere
878 795 967 878 culpa
988 812 1101 860 comes.

261 915 357 999 Culpa
377 915 486 979 iovens
508 931 640 996 poenam
660 915 786 976 rationis
807 912 907 976 turbat
925 930 1062 990 acumen,

341 1031 489 1112 Vebcquc
509 1030 697 1113 praecipitat,
718 1049 777 1094 uec
797 1031 869 1094 sirit
888 1047 958 1094 esse
979 1029 1071 1112 pium.

260 1148 361 1214 Gratia
381 1153 519 1212 naturam
540 1165 688 1230 reparans
708 1147 835 1210 rationis
857 1163 984 1210 acumen

341 1266 456 1347 Purgat
474 1270 506 1327 et
526 1263 650 1328 aiiectua
671 1270 821 1346 temperat
840 1269 931 1345 atque
951 1263 1041 1346 regit,

150 1382 225 1444 275.
259 1381 378 1445 Liberat
398 1381 561 1460 arbitrium,
582 1379 638 1444 sed
660 1397 777 1459 eorum,
798 1397 876 1462 quos
896 1381 948 1463 pia
968 1384 1064 1442 mater

343 1497 511 1562 Consecrat
532 1496 571 1560 ad
591 1497 713 1576 eutimii,
735 1497 941 1579 Philosophia,
962 1503 1054 1560 tuum.

258 1614 454 1698 Pbiicscpbia
469 1613 541 1696 quid
556 1619 613 1692 est,
624 1615 682 1676 nisi
693 1612 773 1692 iona,
783 1614 842 1692 via,
854 1613 978 1696 duxque
988 1613 1102 1692 salutis,
1109 1625 1159 1672 cuit
1172 1626 1300 1676 emuncta·

340 1731 407 1794 tux
427 1731 554 1809 animae,
575 1731 653 1794 vitae
674 1730 791 1812 regula,
813 1736 899 1813 grata
920 1730 1030 1814 quies?

258 1847 327 1910 Non
349 1847 490 1928 equidem
511 1853 611 1912 motus
631 1847 711 1910 ualet
732 1848 902 1930 exstirpare
921 1847 1076 1925 molestos,

150 1962 226 2026 280.
343 1963 404 2029 Sed
426 1981 545 2028 nocuos
565 1965 703 2047 reprimit
721 1969 753 2026 et
772 1960 1028 2042 raticne’domat3

257 2078 322 2142 Nec
343 2086 436 2143 nocet
456 2081 586 2145 assultus
608 2080 704 2144 hostis
725 2081 834 2144 ieviter
853 2081 987 2163 perituri,

341 2197 401 2271 Qui
422 2204 536 2276 manet,
557 2204 735 2277 munerat,
756 2197 854 2261 bestia
878 2213 971 2260 saeva
991 2196 1100 2260 minus.

256 2313 359 2376 Bestia
379 2330 472 2378 sacra
491 2315 571 2397 rapit
591 2315 756 2378 membrum
777 2312 816 2378 de
838 2330 970 2396 corpore
991 2312 1076 2376 laeso
1121 2311 1176 2356 ⁰⁸⁰⁶
1189 2312 1284 2362 mm..

1103 2392 1161 2420 carru
1180 2383 1246 2431 pratia,
1266 2383 1301 2428 titt,

341 2427 468 2512 Semper
488 2437 520 2493 et
539 2431 672 2513 insignit,
694 2449 784 2512 quem
801 2429 893 2494 dccet
913 2447 983 2493 csse
999 2448 1101 2508 suum;
1127 2452 1178 2502 quoa
1195 2459 1284 2502 aecum,

149 2545 230 2610 285.·
244 2545 1101 2629 Nemeaeum«)ocuiopunebnpmpunommerorum
1114 2523 1216 2562 mmm
1230 2524 1298 2563 'w'

340 2661 443 2742 Gesta,
463 2681 546 2726 ncnc
566 2663 666 2728 uultus
685 2662 815 2727 frumine
836 2681 987 2745 quemque
1007 2670 1100 2728 notat

255 2778 407 2842 Interdum
428 2785 512 2844 motu
533 2781 641 2863 capitia
661 2779 821 2861 cultusque
842 2779 940 2862 figura

307 2969 311 2976 ,
338 2894 401 2959 Aut
422 2914 549 2980 operum
571 2914 642 2960 aeae
663 2896 758 2960 bestia
779 2913 872 2961 saeua
891 2896 994 2960 refert.

255 3010 405 3074 Erudiunt
426 3012 541 3091 boscos,
562 3011 619 3076 sed
640 3013 735 3078 bestia
756 3031 849 3076 saeva
868 3014 1033 3096 superbum

148 3125 221 3189 290.
337 3127 448 3193 Reddit
467 3135 499 3192 ct
519 3130 630 3194 ciatrem
652 3129 756 3212 dejicit
776 3135 865 3212 atquae
887 3136 984 3194 necat.

253 3242 376 3307 Proiicit
397 3245 435 3308 ad
456 3247 594 3309 meritum
616 3263 719 3330 pugna
740 3248 875 3310 tenuisse
897 3263 1052 3325 coronam,

337 3359 494 3444 Hostequc
516 3368 669 3445 prostrato
691 3362 789 3444 gloria
810 3364 909 3446 major
929 3365 995 3426 erit.

254 3476 360 3558 Pugna
382 3479 485 3558 gravia
506 3457 638 3542 fructum
659 3498 788 3563 magnae
804 3479 953 3543 mercedis
969 3480 1099 3559 babebit,

338 3593 413 3657 Nam
435 3595 549 3659 meritis
570 3613 689 3658 merces
711 3595 803 3678 digna
824 3597 928 3660 labore
951 3595 1046 3660 datur.

214 3858 281 3909 Post
298 3873 322 3910 v.
340 3859 390 3911 iii
407 3861 434 3911 in
453 3863 472 3912 L
490 3863 612 3925 teguntur
630 3863 656 3913 bi
675 3863 727 3913 duo
746 3877 852 3923 versus,
871 3865 917 3915 sed
938 3864 1037 3918 calamo
1055 3865 1099 3914 in-

148 3924 221 3975 ducti
240 3931 267 3974 et
284 3928 416 3990 adscripto
437 3931 515 3980 verbo
532 3937 622 3980 vacat:

214 3991 325 4042 Liberat
337 3994 474 4045 arbitrium
493 3995 593 4046 ratione
612 4009 688 4047 caeca
706 3998 836 4057 voluntas,

214 4058 253 4108 Nc
271 4061 341 4110 maia
357 4062 493 4112 subvertat
509 4062 705 4126 praccipitoque
723 4063 750 4129 (i.
769 4062 982 4129 praecipitatque)
1002 4077 1085 4115 reum.

213 4124 247 4174 V.
265 4123 324 4175 279.
343 4128 498 4189 exstirpare,
517 4129 552 4178 ita
576 4143 623 4189 ego
646 4130 755 4191 scripsi,
773 4131 900 4191 extirpare
917 4132 937 4180 L
955 4136 980 4181 ct
997 4131 1031 4181 Η.
1065 4133 1098 4182 V.

146 4187 206 4239 288.
224 4204 286 4242 sese
303 4192 389 4244 bestia
407 4205 485 4245 saeva
503 4195 582 4246 refert
598 4197 618 4245 L
636 4201 661 4246 et
678 4198 712 4256 li,
730 4197 814 4258 signis
833 4201 918 4247 castra
935 4197 1018 4247 terina
1036 4211 1098 4260 por·
1166 4211 1169 4215 ·

146 4261 184 4306 tat
201 4258 259 4308 Lm.
295 4259 327 4310 V.
345 4257 403 4310 289.
422 4261 474 4312 Sed
492 4261 576 4314 bestia
594 4275 671 4314 saeva
688 4265 708 4314 L
725 4269 752 4314 et
769 4265 806 4326 fl,
822 4263 872 4314 etia
890 4263 943 4314 iera
962 4276 1024 4315 seva
1040 4265 1098 4315 Lm.

879 4349 897 4413 3
