2912 4976
746 473 795 550 70

673 577 805 588 --..—-.--
833 579 863 586 -.

217 675 298 736 Petro
325 675 477 735 lombardo
505 687 653 736 cesserunt.
707 681 825 739 Adamus
851 689 947 755 postea
975 679 1128 736 bombardo
1158 679 1266 734 ridetur
1297 693 1327 730 se

217 781 396 854 applicuisse,
428 781 571 840 albericus
593 783 733 842 Bononiae
754 786 912 842 seutentiam
935 784 1063 856 mutauit,
1095 784 1232 839 bobertus
1253 798 1325 836 vero

218 901 279 940 cum
306 883 416 942 Parisiis
447 885 605 958 dignitatem
638 907 713 946 suam
746 896 839 945 tenere
866 905 920 945 nou
952 893 1061 961 posset,
1094 887 1257 942 ldetidunum
1295 901 1325 938 se

218 989 340 1046 ooobrlit.
400 989 501 1046 llorum
534 993 655 1048 asseclae
687 1009 747 1050 oum
779 993 889 1049 Parisiis
921 991 1020 1048 frustra
1055 1007 1123 1064 opes
1156 995 1323 1062 replessent,

218 1089 352 1164 oxonias,
374 1109 434 1150 oum
456 1093 591 1152 liebertus
612 1095 746 1152 fulleinur
768 1096 879 1152 Romam
902 1099 1015 1151 vocatus
1038 1101 1066 1149 et
1088 1091 1239 1150 cardinalis
1261 1091 1323 1146 fac-

218 1202 261 1252 tus
294 1203 382 1268 esset,
408 1197 554 1255 factionem
586 1199 637 1256 sibi
669 1214 782 1272 parasse
814 1200 949 1255 uidentur.
1001 1197 1089 1255 lnstar
1121 1195 1240 1252 omnium
1270 1212 1321 1250 au·

217 1299 291 1356 etori
312 1307 408 1358 nostro
431 1301 481 1358 fuit
502 1301 665 1360 cornificius
687 1304 733 1360 ille
755 1303 972 1378 pseudonymus,
1004 1317 1082 1374 quem
1104 1300 1131 1357 in
1152 1300 1322 1370 bletatogico

217 1401 391 1475 aggreditur,
424 1404 468 1460 cui
494 1403 661 1478 potissimum
687 1405 758 1464 libro
787 1407 866 1463 etiam
893 1409 988 1463 barum
1010 1421 1100 1462 rerum
1121 1403 1246 1459 notitiam
1268 1401 1322 1458 dc-

217 1507 319 1564 bemus.
373 1507 457 1566 Nemo
484 1523 552 1567 vero
573 1509 699 1567 lobanne
720 1517 815 1567 nostro
838 1509 992 1566 accuratius
1014 1509 1083 1565 banc
1105 1523 1196 1563 rerum
1219 1506 1321 1563 condi-

217 1611 318 1668 tionem
340 1625 423 1668 nossa
443 1612 541 1686 potuit
589 1611 651 1688 lpse
672 1613 742 1670 enim
764 1614 798 1670 ab
820 1613 978 1670 Abaelardo
1001 1614 1036 1670 ad
1062 1611 1211 1669 ltobertum
1239 1609 1321 1666 bloti-

217 1713 363 1770 dunensam
385 1719 414 1770 et
433 1713 590 1772 albericum
611 1715 768 1774 lismensem
795 1733 824 1773 se
857 1723 1041 1774 converterat.
1094 1715 1197 1772 llorum
1218 1714 1322 1770 sobolis

216 1815 319 1873 relictis
351 1833 452 1892 magno
479 1835 539 1876 curn
567 1819 659 1878 fructu
684 1821 823 1879 Wilielrno
851 1822 885 1877 de
912 1819 1031 1878 Conohis
1057 1819 1208 1875 tradiderat
1235 1835 1265 1874 se
1293 1817 1321 1873 iu

216 1919 394 1994 disciplinam.
446 1923 545 1980 l’ostea
567 1923 594 1980 in
615 1925 711 1981 Adami
738 1925 919 1982 familiaritate
946 1923 1109 1997 aliquamdiu
1135 1928 1261 1978 versatus
1293 1928 1322 1975 et

214 2025 242 2081 in
253 2024 379 2097 Angliam
394 2041 520 2084 reversus
532 2027 623 2101 ibique
635 2029 749 2086 Gilberti
760 2035 788 2085 et
798 2029 912 2086 lioberti
923 2028 1036 2085 l’ulleini
1053 2027 1162 2083 auditor
1184 2027 1271 2082 factus
1293 2027 1321 2080 in

216 2129 313 2186 borum
335 2131 468 2187 sententia
491 2134 619 2190 remansit
645 2137 673 2190 et
698 2133 858 2190 dialecticae
879 2131 1000 2189 fallacias
1023 2137 1183 2204 aspernatus
1205 2129 1241 2185 ad
1261 2129 1322 2184 llu-

215 2231 297 2304 gonis
328 2239 356 2289 et
386 2233 513 2292 lliobardi
545 2253 560 2292 a
592 2237 695 2294 Sancto
727 2237 841 2294 Victore
873 2236 1025 2308 exemplum
1057 2252 1086 2290 se
1119 2233 1320 2303 conformabat,

215 2337 321 2408 qualem
343 2337 494 2394 doctrinam
516 2337 597 2395 etiam
618 2340 645 2395 in
667 2347 764 2396 nostro
787 2341 906 2396 carmine
928 2341 1079 2412 profitetur.
1133 2337 1207 2394 Haec
1230 2337 1320 2392 omnia

216 2439 239 2496 si
267 2447 313 2496 ant
339 2456 390 2513 per
418 2457 447 2498 sc
473 2443 615 2500 manifesto
638 2450 818 2518 apparerent,
850 2452 896 2500 aut
917 2446 951 2500 ab
974 2443 1033 2500 aliis
1054 2461 1089 2498 ex
1112 2441 1254 2499 vetustatis
1276 2447 1320 2496 te-

216 2543 308 2600 nebris
339 2552 416 2601 eruta
449 2553 553 2616 essent,
587 2547 622 2603 ad
647 2547 744 2604 borum
771 2548 962 2604 auctoritatem
994 2561 1199 2619 provocassem.
1265 2543 1321 2600 Sed

216 2665 376 2721 quamquam
396 2649 487 2706 lluber
509 2651 568 2717 (die
589 2651 669 2723 Engl.
687 2651 812 2708 Univers.
836 2651 858 2723 1,
881 2669 907 2725 p.
920 2643 986 2717 97.)
1008 2650 1078 2706 banc
1101 2648 1226 2706 Oxoniae
1248 2665 1320 2705 con-

217 2751 346 2808 ditionem
368 2758 396 2809 et
416 2769 476 2809 curn
492 2755 595 2811 Lutetia
617 2755 809 2812 commercium
832 2755 990 2826 conjectura
1012 2753 1055 2810 vet
1078 2753 1173 2809 mentis
1195 2751 1320 2808 acumine

216 2862 355 2912 assecutus
377 2864 427 2929 est,
450 2865 538 2914 tamen
559 2859 710 2915 litterarum
732 2859 779 2916 illo
801 2865 926 2930 tempore
948 2859 1080 2913 cultarum
1101 2857 1215 2912 bistoria
1232 2871 1320 2927 neque

217 2966 311 3030 aperte
336 2961 450 3032 tradita,
482 2979 570 3036 neque
593 2963 649 3034 jam
676 2981 691 3020 a
718 2981 854 3036 quoquam
881 2963 947 3018 satis
968 2965 1096 3018 accurate
1118 2967 1160 3017 cst
1180 2960 1319 3032 pervesti-

217 3069 282 3134 gata
304 3069 332 3119 et
352 3064 515 3138 composita.
560 3065 637 3134 Quae
658 3083 719 3123 cum
739 3066 776 3122 ita
799 3067 861 3136 sint,
883 3064 930 3120 vix
952 3072 981 3121 ut
1003 3065 1068 3120 fides
1090 3064 1155 3119 mibi
1176 3064 1318 3131 habeatur,

217 3167 278 3223 lore
305 3183 417 3239 sperare
443 3185 569 3241 possum,
601 3169 652 3226 nisi
674 3185 744 3241 quae
765 3169 875 3226 brevius
897 3169 1069 3239 adumbrari,
1103 3168 1270 3238 argumentis
1293 3173 1319 3222 et

217 3270 378 3326 testimoniis
399 3271 511 3343 additis,
533 3273 701 3344 probavero.

299 3374 455 3431 Doctrinam
476 3375 549 3430 illam
571 3391 676 3446 vanam,
699 3392 714 3431 a
737 3375 884 3432 Cornificio
908 3382 1096 3449 nuncupatam,
1119 3391 1198 3448 quam
1220 3383 1318 3432 nostro

216 3481 281 3534 loco
305 3478 381 3535 etin
401 3477 566 3551 bletalogico
588 3479 742 3553 impugnat,
761 3479 816 3550 jam
839 3479 923 3535 multo
945 3487 1007 3535 ante
1030 3479 1108 3536 etiam
1130 3479 1240 3536 Parisiis
1264 3481 1318 3536 llo-

218 3581 304 3639 ruisse
326 3589 471 3655 postquam
493 3583 605 3639 tradidit
627 3583 728 3651 (bletal.
744 3584 764 3639 1.
789 3601 813 3639 c.
827 3575 870 3655 3),
893 3583 926 3639 de
948 3581 1042 3656 priore
1064 3585 1121 3639 eius
1142 3583 1253 3639 interitu
1275 3586 1317 3640 vel

217 3685 418 3742 intermissione
439 3703 462 3742 c.
488 3683 716 3742 assecretem:
740 3687 874 3757 „Solebat
895 3691 1035 3762 mopister
1059 3687 1235 3756 Gilebertus,
1260 3697 1317 3744 turn

217 3791 332 3864 quidem
354 3791 554 3847 concellarius
577 3789 768 3847 cornotensis
795 3799 822 3848 et
841 3793 1020 3866 postmodum
1046 3791 1222 3848 uenerabilis
1256 3796 1316 3864 epi-

218 3911 321 3967 seopus
342 3893 533 3963 Firmanorum,
562 3925 593 3932 -
619 3897 663 3950 eis
684 3905 777 3952 ortem
795 3897 949 3969 pistoriam
968 3897 1115 3970 polliceri.
1147 3925 1179 3934 -
1209 3895 1316 3952 Sedet

218 3999 274 4054 olii
284 3999 349 4066 oiri,
369 4005 515 4053 amotores
527 3999 703 4068 litterarum,
722 4003 968 4073 utpotemapister
984 4001 1185 4066 Theodericus,
1210 4003 1317 4056 mmmm

218 4099 453 4157 studiosissimus
464 4101 663 4172 ineestipotor‚
677 4103 777 4159 itidem
790 4103 950 4162 Wilielmus
962 4105 998 4161 de
1014 4103 1146 4172 Coriolis,
1168 4121 1316 4176 psammu-

218 4207 295 4261 tious
309 4210 375 4278 post
386 4201 566 4262 Beraardom
575 4205 781 4262 dorsatensem
796 4209 1040 4280 operientissimos,
1066 4215 1092 4264 et
1104 4208 1316 4281 Peripateticos
