2924 4974
660 507 709 580 XI

583 609 640 616 μ’...
649 609 681 616 ..-.
700 609 719 614 -..
729 607 783 614 0...-

127 707 253 769 lascivia
274 705 417 768 admonet
438 712 602 785 auctorem,
624 713 656 771 ut
677 723 800 771 causam
820 707 959 770 vitiorum
979 709 1097 787 repetat
1118 719 1135 764 a
1155 716 1231 781 rege

5 843 31 906 r,-
127 807 261 874 llireano
283 811 302 872 i.
325 829 353 873 e.
387 807 542 891 Stephano
562 811 664 893 pravis
690 809 825 874 moribus
845 811 957 892 insigni
979 829 1008 872 1.
1035 805 1112 870 1301
1131 839 1164 850 -
1180 801 1229 864 54.

129 913 207 976 lluie
233 919 363 996 tyranno
391 917 519 998 opponit
540 915 684 979 Thomam
712 915 934 992 cancellarium,
959 912 1103 976 libertatis
1129 908 1231 972 vindi-

5 1056 29 1100 1,
131 1037 214 1096 cem,
236 1037 326 1098 quem
349 1025 379 1081 et
398 1026 585 1101 pugnantem
606 1021 721 1084 inducit
741 1027 847 1084 contra
867 1019 1117 1101 Mandrogerum,
1147 1013 1232 1095 prius

6 1158 27 1202 :n
130 1123 345 1186 cancellarium
366 1129 397 1186 et
416 1123 605 1206 Antipatrum
632 1131 704 1189 tunc
729 1127 828 1207 regis,
849 1123 1036 1188 iustitiarium
1056 1139 1086 1182 v.
1111 1116 1229 1181 1355-

5 1263 27 1308 33,
133 1227 223 1289 1414.
277 1227 438 1309 Utriusque
464 1231 550 1311 pravi
578 1247 679 1292 mores
705 1229 802 1292 fusius
830 1227 1040 1292 describuntur
1066 1229 1096 1286 et
1123 1220 1232 1284 acerbe

5 1403 18 1418 Ι,
129 1333 378 1414 perstringuntur
398 1351 466 1394 oum
488 1333 598 1395 misera
620 1331 717 1412 aulae,
739 1332 889 1395 ecclesiae
905 1337 936 1394 et
946 1329 1129 1412 judiciorum
1152 1341 1231 1388 eon-

15 1478 21 1516 ,
129 1435 245 1498 ditione
267 1455 295 1497 1.
322 1437 401 1498 1411
417 1471 451 1482 -
466 1435 516 1498 34.
564 1438 718 1500 Excusato
740 1443 771 1498 et
792 1435 919 1500 defenso
941 1433 1056 1496 'lhoma
1078 1429 1231 1494 cancella-

5 1578 17 1624 ,
128 1541 188 1615 rio,
210 1539 293 1620 quod
306 1539 410 1602 aulicis
421 1557 456 1602 se
468 1541 594 1603 similem
611 1541 778 1617 simularet,
800 1544 833 1604 ut
847 1555 953 1601 eorum
969 1536 1109 1599 fiduciam
1126 1539 1232 1595 nactus

129 1659 187 1705 eos
204 1645 363 1725 corrigere
378 1651 485 1726 posset
510 1643 728 1722 1.1435-84,
753 1661 788 1706 11
803 1641 903 1706 111111Ι
915 1639 1084 1718 confitetur,
1104 1655 1144 1700 ne
1156 1635 1232 1700 11111

5 1795 22 1835 3,
128 1747 279 1809 simulatio
306 1747 474 1826 frustretur,
497 1754 527 1810 et
548 1748 684 1811 hortatur
704 1765 749 1827 se,
771 1748 819 1811 oui
841 1745 950 1829 stipsi
971 1741 1170 1808 simulandum
1184 1741 1232 1815 sit,

5 1897 20 1941 f,
128 1871 170 1915 ne
191 1853 257 1913 veri
279 1852 497 1915 amantissimus
520 1853 695 1934 garrulitate
715 1870 771 1916 sua
793 1852 882 1915 animi
903 1849 1082 1912 sententiam
1093 1845 1230 1930 prodeat.

5 1983 19 2020 1,
127 1956 173 2017 111
190 1957 280 2017 etiam
296 1955 489 2033 cancellario,
511 1961 640 2038 patrono
652 1973 720 2035 suo,
742 1955 864 2033 suadet,
886 1961 918 2018 ut
943 1959 1048 2016 caveat
1069 1951 1125 2014 sibi
1136 1951 1231 2032 ipsius

5 2105 17 2148 ᾗ
128 2060 265 2122 auctoris
287 2059 415 2122 edoctus
437 2061 589 2143 exemplo,
611 2063 662 2143 qui
679 2061 854 2144 garrulitate
874 2060 957 2142 regis
979 2060 1054 2122 iram
1078 2058 1231 2131 movisset,

7 2195 15 2250 3
128 2170 161 2227 et
184 2163 272 2225 simul
295 2162 446 2241 admonet,
467 2170 500 2226 ut
520 2164 643 2228 modum
664 2171 767 2228 teneat
786 2164 998 2240 simulationis,
1029 2179 1107 2224 11111
1132 2160 1232 2242 legem

5 2317 15 2356 ,
127 2267 269 2330 Divinam
290 2266 392 2349 logum
413 2266 545 2330 civilium
567 2268 725 2331 tendiculis
752 2274 916 2352 postponat
941 2287 969 2330 v.
995 2265 1124 2330 1485-
1142 2263 1230 2326 1530.

5 2434 13 2458 ς,
129 2371 250 2435 Deinde
277 2378 438 2453 patronnm
464 2372 566 2436 valere
578 2374 691 2455 jubens
710 2391 760 2437 res
778 2373 936 2450 adversas,
959 2387 1034 2452 quas
1054 2369 1231 2452 patiebatur,

7 2524 11 2544 ,
130 2472 267 2554 inprimis
294 2472 495 2553 hospitiorum
517 2473 700 2538 calamitates
723 2474 869 2557 deplorat
925 2475 1061 2557 Hospitia
1087 2479 1157 2537 sunt
1183 2471 1232 2534 illa

5 2631 10 2668 ,Γ
131 2575 497 2640 communiascholan'um
509 2573 667 2652 domicilia,
679 2575 979 2656 utsuspicatussum,
998 2571 1148 2650 Oxoniae,
1171 2588 1231 2652 quo

5 2715 9 2772 4
129 2681 214 2762 regis
225 2681 270 2742 ira
287 2679 323 2742 ab
336 2679 403 2742 aula
413 2686 548 2742 remotus
569 2697 605 2742 se
626 2679 802 2742 contulerat.
854 2677 1007 2741 Invehitur
1027 2677 1233 2758 inhospitum

129 2787 148 2849 i.
158 2803 184 2846 1.
197 2786 422 2866 magistrorum,
432 2785 484 2865 qui
496 2783 634 2866 hospitiis
645 2789 816 2862 praeerant,
827 2783 978 2845 avaritiam
995 2787 1025 2843 et
1034 2779 1191 2863 perfidiam
1203 2785 1235 2840 et·

5 2855 7 2865 ,
129 2887 590 2971 prarornmsoholariummores
600 2907 629 2951 1.
645 2887 817 2950 teet—96.
840 2884 1065 2963 Docetdeinde,
1075 2881 1230 2965 quomodo

129 2993 314 3074 peregrinus
336 2993 367 3054 in
389 2992 522 3073 hospitio
544 2994 623 3054 inter
643 2991 800 3055 scholares
823 3009 858 3055 se
879 3009 999 3073 gerere,
1026 2989 1098 3070 quid
1119 2987 1231 3063 lacere,

131 3095 205 3177 quid
237 3097 332 3158 vitare
360 3095 470 3159 debeat
490 3116 518 3159 v.
544 3095 778 3160 1597-1611.
823 3095 884 3161 Sed
910 3097 1035 3158 1111111
1057 3095 1129 3156 satis
1151 3098 1231 3155 tutus

130 3202 171 3264 de
193 3202 301 3264 itinere
324 3201 470 3264 meditans
494 3200 643 3279 Cantiam,
676 3201 800 3264 alteram
821 3202 907 3282 quasi
928 3200 1068 3283 patriam,
1090 3199 1120 3259 in
1143 3196 1231 3258 clau-

130 3313 227 3369 strum
248 3323 283 3367 se
304 3306 444 3388 recipere
466 3307 620 3368 constituit
639 3324 668 3367 1.
694 3304 773 3367 1619
788 3339 822 3350 -
836 3303 887 3367 46.
929 3301 1159 3378 Monaohorum,
1180 3301 1231 3381 qui

131 3409 312 3474 6111111111
323 3409 437 3487 vivunt,
449 3409 636 3491 aliorumque
647 3408 838 3486 clericorum,
859 3407 1005 3489 inprimis,
1033 3406 1153 3488 opinor,
1175 3421 1232 3466 ca-

130 3516 314 3578 nonicorum
339 3519 372 3576 11
390 3515 541 3577 honorum
563 3513 760 3576 etmalorum
780 3529 883 3574 mores
900 3511 1036 3593 depingit
1056 3529 1084 3572 1.
1105 3509 1181 3572 1641
1195 3545 1228 3554 -

133 3619 224 3681 1752.
267 3616 415 3701 Adjungit
439 3616 571 3698 denique
597 3618 680 3680 11111
705 3617 786 3680 vitae
811 3621 976 3698 praecepta
1003 3622 1034 3678 et
1058 3616 1164 3678 solatia
1190 3614 1231 3678 11-

129 3737 263 3806 nomque
289 3723 362 3786 iacit
387 3723 527 3786 carminis
553 3721 630 3784 libro
652 3739 710 3785 suo
731 3720 915 3784 benedicens
941 3738 970 3782 1.
996 3719 1075 3783 1753
1090 3755 1124 3766 -
1140 3719 1229 3783 1852.

215 3826 399 3909 Diligentem
409 3826 582 3890 Latinorum
593 3831 751 3908 poetarum
761 3824 1021 3908 lectoremlugere
1038 3842 1100 3887 non
1122 3829 1231 3906 potest,

130 3947 257 3996 cannen
267 3937 405 3994 nostrum
421 3929 646 4012 quodammodo
668 3927 1231 4010 1101111111111111111111111111-

130 4038 260 4100 tolerem
292 4053 332 4099 ex
357 4037 454 4100 Ponto
487 4035 623 4099 colorem
655 4033 812 4098 accedere.
860 4033 929 4098 Non
960 4032 1053 4096 modo
1078 4032 1159 4095 idem
1187 4037 1235 4094 est

129 4147 259 4204 11111111
271 4139 604 4220 similisqueverhorum
614 4138 783 4202 volubilitas
796 4144 825 4200 et
834 4155 977 4200 versuum
988 4135 1123 4214 facilitas,
1134 4152 1233 4198 rrexus

131 4245 265 4328 denique
281 4246 497 4308 sententiarum
518 4242 660 4319 solutior,
683 4240 738 4304 sed
760 4241 894 4322 inprimis
916 4239 1022 4303 eadem
1044 4240 1232 4302 humanitatis
