<?xml version="1.0" encoding="UTF-8"?>
<!DOCTYPE html PUBLIC "-//W3C//DTD XHTML 1.0 Transitional//EN"
    "http://www.w3.org/TR/xhtml1/DTD/xhtml1-transitional.dtd">
<html xmlns="http://www.w3.org/1999/xhtml" xml:lang="en" lang="en">
 <head>
  <title>
</title>
<meta http-equiv="Content-Type" content="text/html;charset=utf-8" />
  <meta name='ocr-system' content='tesseract 3.04.00' />
  <meta name='ocr-capabilities' content='ocr_page ocr_carea ocr_par ocr_line ocrx_word'/>
</head>
<body>
  <div class='ocr_page' id='page_1' title='image "./johannissaresbe00johngoog/johannissaresbe00johngoog_0141.png"; bbox 0 0 2912 4976; ppageno 0'>
   <div class='ocr_carea' id='block_1_1' title="bbox 723 455 794 530">
    <p class='ocr_par' dir='ltr' id='par_1_1' title="bbox 723 455 794 530">
     <span class='ocr_line' id='line_1_1' title="bbox 723 455 794 530; baseline 0 0"><span class='ocrx_word' id='word_1_1' title='bbox 723 455 794 530; x_wconf 83' lang='lat'><strong>112</strong></span> 
     </span>
    </p>
   </div>
   <div class='ocr_carea' id='block_1_2' title="bbox 182 659 1317 3738">
    <p class='ocr_par' dir='ltr' id='par_1_2' title="bbox 206 659 1315 1466">
     <span class='ocr_line' id='line_1_2' title="bbox 206 659 1313 734; baseline -0.002 -18"><span class='ocrx_word' id='word_1_2' title='bbox 206 659 379 734; x_wconf 70' lang='lat' dir='ltr'><strong>pungendum</strong></span> <span class='ocrx_word' id='word_1_3' title='bbox 390 659 409 716; x_wconf 90' lang='lat' dir='ltr'><strong>i.</strong></span> <span class='ocrx_word' id='word_1_4' title='bbox 421 675 446 716; x_wconf 85' lang='lat' dir='ltr'><strong>a.</strong></span> <span class='ocrx_word' id='word_1_5' title='bbox 459 659 551 734; x_wconf 82' lang='lat' dir='ltr'><strong>puncti</strong></span> <span class='ocrx_word' id='word_1_6' title='bbox 573 659 681 732; x_wconf 76' lang='lat' dir='ltr'><strong>signum</strong></span> <span class='ocrx_word' id='word_1_7' title='bbox 703 660 866 734; x_wconf 85' lang='lat' dir='ltr'><strong>ponendum.</strong></span> <span class='ocrx_word' id='word_1_8' title='bbox 899 661 968 732; x_wconf 84' lang='lat' dir='ltr'><strong>lice,</strong></span> <span class='ocrx_word' id='word_1_9' title='bbox 984 661 1157 730; x_wconf 81' lang='lat' dir='ltr'><strong>quodetiam</strong></span> <span class='ocrx_word' id='word_1_10' title='bbox 1173 659 1313 733; x_wconf 80' lang='lat' dir='ltr'><strong>posterior</strong></span> 
     </span>
     <span class='ocr_line' id='line_1_3' title="bbox 207 761 1313 837; baseline 0.002 -17"><span class='ocrx_word' id='word_1_11' title='bbox 207 762 434 834; x_wconf 70' lang='lat' dir='ltr'><strong>corroserint,</strong></span> <span class='ocrx_word' id='word_1_12' title='bbox 461 779 522 820; x_wconf 89' lang='lat' dir='ltr'><strong>cum</strong></span> <span class='ocrx_word' id='word_1_13' title='bbox 548 764 745 836; x_wconf 72' lang='lat' dir='ltr'><strong>praeferamus,</strong></span> <span class='ocrx_word' id='word_1_14' title='bbox 767 763 830 837; x_wconf 84' lang='lat' dir='ltr'><strong>quia</strong></span> <span class='ocrx_word' id='word_1_15' title='bbox 852 780 902 822; x_wconf 83' lang='lat' dir='ltr'><strong>rex</strong></span> <span class='ocrx_word' id='word_1_16' title='bbox 929 779 985 821; x_wconf 92' lang='lat' dir='ltr'><strong>non</strong></span> <span class='ocrx_word' id='word_1_17' title='bbox 1013 770 1087 821; x_wconf 85' lang='lat' dir='ltr'><strong>certa</strong></span> <span class='ocrx_word' id='word_1_18' title='bbox 1114 765 1234 822; x_wconf 82' lang='lat' dir='ltr'><strong>lormuls</strong></span> <span class='ocrx_word' id='word_1_19' title='bbox 1261 761 1313 822; x_wconf 88' lang='lat' dir='ltr'><strong>dici</strong></span> 
     </span>
     <span class='ocr_line' id='line_1_4' title="bbox 206 865 1312 944; baseline 0 -19"><span class='ocrx_word' id='word_1_20' title='bbox 206 872 307 940; x_wconf 85' lang='lat' dir='ltr'><strong>potest,</strong></span> <span class='ocrx_word' id='word_1_21' title='bbox 328 865 527 942; x_wconf 82' lang='lat' dir='ltr'><strong>quaerendum,</strong></span> <span class='ocrx_word' id='word_1_22' title='bbox 549 868 623 941; x_wconf 85' lang='lat' dir='ltr'><strong>quod</strong></span> <span class='ocrx_word' id='word_1_23' title='bbox 644 870 736 942; x_wconf 78' lang='lat' dir='ltr'><strong>legum</strong></span> <span class='ocrx_word' id='word_1_24' title='bbox 757 871 912 944; x_wconf 83' lang='lat' dir='ltr'><strong>exemplar,</strong></span> <span class='ocrx_word' id='word_1_25' title='bbox 934 886 1005 943; x_wconf 85' lang='lat' dir='ltr'><strong>qnae</strong></span> <span class='ocrx_word' id='word_1_26' title='bbox 1026 871 1142 928; x_wconf 77' lang='lat' dir='ltr'><strong>formula</strong></span> <span class='ocrx_word' id='word_1_27' title='bbox 1166 877 1243 928; x_wconf 88' lang='lat' dir='ltr'><strong>certa</strong></span> <span class='ocrx_word' id='word_1_28' title='bbox 1270 870 1312 926; x_wconf 83' lang='lat' dir='ltr'><strong>vi-</strong></span> 
     </span>
     <span class='ocr_line' id='line_1_5' title="bbox 207 970 1311 1048; baseline 0.001 -20"><span class='ocrx_word' id='word_1_29' title='bbox 207 970 287 1028; x_wconf 78' lang='lat' dir='ltr'><strong>vendi</strong></span> <span class='ocrx_word' id='word_1_30' title='bbox 309 976 443 1044; x_wconf 76' lang='lat' dir='ltr'><strong>regnante</strong></span> <span class='ocrx_word' id='word_1_31' title='bbox 459 971 598 1044; x_wconf 82' lang='lat' dir='ltr'><strong>Stephano</strong></span> <span class='ocrx_word' id='word_1_32' title='bbox 621 971 684 1029; x_wconf 84' lang='lat' dir='ltr'><strong>datr</strong></span> <span class='ocrx_word' id='word_1_33' title='bbox 701 973 745 1030; x_wconf 89' lang='lat' dir='ltr'><strong>sil.</strong></span> <span class='ocrx_word' id='word_1_34' title='bbox 776 974 932 1048; x_wconf 81' lang='lat' dir='ltr'><strong>Ampliores</strong></span> <span class='ocrx_word' id='word_1_35' title='bbox 948 974 1082 1032; x_wconf 87' lang='lat' dir='ltr'><strong>eiusmodi</strong></span> <span class='ocrx_word' id='word_1_36' title='bbox 1098 975 1177 1048; x_wconf 78' lang='lat' dir='ltr'><strong>leges</strong></span> <span class='ocrx_word' id='word_1_37' title='bbox 1194 973 1311 1046; x_wconf 87' lang='lat' dir='ltr'><strong>Stepha-</strong></span> 
     </span>
     <span class='ocr_line' id='line_1_6' title="bbox 206 1071 1313 1152; baseline 0.002 -22"><span class='ocrx_word' id='word_1_38' title='bbox 206 1091 327 1132; x_wconf 80' lang='lat' dir='ltr'><strong>amnon</strong></span> <span class='ocrx_word' id='word_1_39' title='bbox 353 1071 441 1144; x_wconf 89' lang='lat' dir='ltr'><strong>dedit,</strong></span> <span class='ocrx_word' id='word_1_40' title='bbox 463 1090 548 1147; x_wconf 80' lang='lat' dir='ltr'><strong>quare</strong></span> <span class='ocrx_word' id='word_1_41' title='bbox 569 1076 603 1132; x_wconf 84' lang='lat' dir='ltr'><strong>rb</strong></span> <span class='ocrx_word' id='word_1_42' title='bbox 624 1081 739 1134; x_wconf 85' lang='lat' dir='ltr'><strong>auctore</strong></span> <span class='ocrx_word' id='word_1_43' title='bbox 759 1077 859 1151; x_wconf 89' lang='lat' dir='ltr'><strong>respici</strong></span> <span class='ocrx_word' id='word_1_44' title='bbox 881 1084 994 1152; x_wconf 86' lang='lat' dir='ltr'><strong>oportet</strong></span> <span class='ocrx_word' id='word_1_45' title='bbox 1014 1079 1223 1152; x_wconf 87' lang='lat' dir='ltr'><strong>antpromissa,</strong></span> <span class='ocrx_word' id='word_1_46' title='bbox 1245 1094 1313 1150; x_wconf 84' lang='lat' dir='ltr'><strong>qnae</strong></span> 
     </span>
     <span class='ocr_line' id='line_1_7' title="bbox 207 1177 1314 1256; baseline 0.004 -22"><span class='ocrx_word' id='word_1_47' title='bbox 207 1177 330 1252; x_wconf 73' lang='lat' dir='ltr'><strong>daderm,</strong></span> <span class='ocrx_word' id='word_1_48' title='bbox 347 1193 408 1235; x_wconf 89' lang='lat' dir='ltr'><strong>curu</strong></span> <span class='ocrx_word' id='word_1_49' title='bbox 418 1193 531 1251; x_wconf 69' lang='lat' dir='ltr'><strong>ragnum</strong></span> <span class='ocrx_word' id='word_1_50' title='bbox 544 1180 704 1253; x_wconf 86' lang='lat' dir='ltr'><strong>susciperet,</strong></span> <span class='ocrx_word' id='word_1_51' title='bbox 726 1189 772 1238; x_wconf 85' lang='lat' dir='ltr'><strong>rut</strong></span> <span class='ocrx_word' id='word_1_52' title='bbox 783 1198 825 1254; x_wconf 87' lang='lat' dir='ltr'><strong>ea,</strong></span> <span class='ocrx_word' id='word_1_53' title='bbox 847 1199 917 1256; x_wconf 87' lang='lat' dir='ltr'><strong>quse</strong></span> <span class='ocrx_word' id='word_1_54' title='bbox 933 1182 1058 1240; x_wconf 75' lang='lat' dir='ltr'><strong>tironiae</strong></span> <span class='ocrx_word' id='word_1_55' title='bbox 1073 1183 1314 1256; x_wconf 84' lang='lat' dir='ltr'><strong>comprincipibus</strong></span> 
     </span>
     <span class='ocr_line' id='line_1_8' title="bbox 208 1281 1315 1362; baseline 0 -20"><span class='ocrx_word' id='word_1_56' title='bbox 208 1286 287 1358; x_wconf 72' lang='lat' dir='ltr'><strong>regni</strong></span> <span class='ocrx_word' id='word_1_57' title='bbox 302 1291 383 1359; x_wconf 83' lang='lat' dir='ltr'><strong>pactu</strong></span> <span class='ocrx_word' id='word_1_58' title='bbox 405 1291 491 1342; x_wconf 79' lang='lat' dir='ltr'><strong>erant</strong></span> <span class='ocrx_word' id='word_1_59' title='bbox 534 1286 714 1361; x_wconf 74' lang='lat' dir='ltr'><strong>lappenberg</strong></span> <span class='ocrx_word' id='word_1_60' title='bbox 736 1289 831 1346; x_wconf 81' lang='lat' dir='ltr'><strong>Gesch.</strong></span> <span class='ocrx_word' id='word_1_61' title='bbox 853 1307 881 1346; x_wconf 89' lang='lat' dir='ltr'><strong>v.</strong></span> <span class='ocrx_word' id='word_1_62' title='bbox 902 1289 982 1362; x_wconf 74' lang='lat' dir='ltr'><strong>Engl.</strong></span> <span class='ocrx_word' id='word_1_63' title='bbox 1005 1289 1039 1360; x_wconf 88' lang='lat'><strong>11,</strong></span> <span class='ocrx_word' id='word_1_64' title='bbox 1061 1304 1088 1361; x_wconf 91' lang='lat' dir='ltr'><strong>p.</strong></span> <span class='ocrx_word' id='word_1_65' title='bbox 1110 1281 1173 1344; x_wconf 80' lang='lat'><strong>299</strong></span> <span class='ocrx_word' id='word_1_66' title='bbox 1195 1294 1224 1343; x_wconf 92' lang='lat' dir='ltr'><strong>et</strong></span> <span class='ocrx_word' id='word_1_67' title='bbox 1246 1281 1315 1343; x_wconf 86' lang='lat'>300.</span> 
     </span>
     <span class='ocr_line' id='line_1_9' title="bbox 208 1384 1313 1466; baseline 0.002 -22"><span class='ocrx_word' id='word_1_68' title='bbox 208 1384 1175 1466; x_wconf 74' lang='lat' dir='ltr'><strong>Ceterumconterendisuntversus1331—3dde1&#39;ureperllircanum</strong></span> <span class='ocrx_word' id='word_1_69' title='bbox 1191 1392 1313 1449; x_wconf 87' lang='lat' dir='ltr'><strong>condito.</strong></span> 
     </span>
    </p>

    <p class='ocr_par' dir='ltr' id='par_1_3' title="bbox 208 1493 1316 1877">
     <span class='ocr_line' id='line_1_10' title="bbox 290 1493 1314 1567; baseline 0.001 -18"><span class='ocrx_word' id='word_1_70' title='bbox 290 1493 403 1550; x_wconf 82' lang='lat' dir='ltr'><strong>Nomina</strong></span> <span class='ocrx_word' id='word_1_71' title='bbox 424 1493 592 1564; x_wconf 75' lang='lat' dir='ltr'><strong>teminorum,</strong></span> <span class='ocrx_word' id='word_1_72' title='bbox 614 1510 685 1567; x_wconf 86' lang='lat' dir='ltr'><strong>quae</strong></span> <span class='ocrx_word' id='word_1_73' title='bbox 706 1495 733 1552; x_wconf 92' lang='lat' dir='ltr'><strong>in</strong></span> <span class='ocrx_word' id='word_1_74' title='bbox 755 1495 875 1552; x_wconf 85' lang='lat' dir='ltr'><strong>muribus</strong></span> <span class='ocrx_word' id='word_1_75' title='bbox 896 1494 1062 1552; x_wconf 73' lang='lat' dir='ltr'><strong>illustrandis</strong></span> <span class='ocrx_word' id='word_1_76' title='bbox 1083 1495 1203 1567; x_wconf 85' lang='lat' dir='ltr'><strong>exempli</strong></span> <span class='ocrx_word' id='word_1_77' title='bbox 1225 1496 1314 1566; x_wconf 81' lang='lat' dir='ltr'><strong>gratia</strong></span> 
     </span>
     <span class='ocr_line' id='line_1_11' title="bbox 208 1596 1315 1670; baseline 0 -16"><span class='ocrx_word' id='word_1_78' title='bbox 208 1596 366 1667; x_wconf 73' lang='lat' dir='ltr'><strong>afferuntur,</strong></span> <span class='ocrx_word' id='word_1_79' title='bbox 388 1613 423 1653; x_wconf 86' lang='lat' dir='ltr'><strong>ex</strong></span> <span class='ocrx_word' id='word_1_80' title='bbox 444 1596 528 1655; x_wconf 83' lang='lat' dir='ltr'><strong>variis</strong></span> <span class='ocrx_word' id='word_1_81' title='bbox 549 1597 730 1670; x_wconf 77' lang='lat' dir='ltr'><strong>scriptoribus</strong></span> <span class='ocrx_word' id='word_1_82' title='bbox 751 1605 813 1655; x_wconf 88' lang='lat' dir='ltr'><strong>sunt</strong></span> <span class='ocrx_word' id='word_1_83' title='bbox 828 1600 953 1657; x_wconf 87' lang='lat' dir='ltr'><strong>collecta.</strong></span> <span class='ocrx_word' id='word_1_84' title='bbox 985 1599 1120 1655; x_wconf 77' lang='lat' dir='ltr'><strong>lauronia</strong></span> <span class='ocrx_word' id='word_1_85' title='bbox 1135 1600 1181 1654; x_wconf 85' lang='lat' dir='ltr'><strong>vel</strong></span> <span class='ocrx_word' id='word_1_86' title='bbox 1198 1599 1315 1654; x_wconf 82' lang='lat' dir='ltr'><strong>baronia</strong></span> 
     </span>
     <span class='ocr_line' id='line_1_12' title="bbox 208 1699 1316 1776; baseline 0 -18"><span class='ocrx_word' id='word_1_87' title='bbox 208 1701 280 1774; x_wconf 80' lang='lat' dir='ltr'><strong>apud</strong></span> <span class='ocrx_word' id='word_1_88' title='bbox 300 1699 458 1758; x_wconf 78' lang='lat' dir='ltr'><strong>iuvenalem</strong></span> <span class='ocrx_word' id='word_1_89' title='bbox 482 1707 578 1757; x_wconf 84' lang='lat' dir='ltr'><strong>contra</strong></span> <span class='ocrx_word' id='word_1_90' title='bbox 600 1702 693 1774; x_wconf 83' lang='lat' dir='ltr'><strong>uiros,</strong></span> <span class='ocrx_word' id='word_1_91' title='bbox 715 1701 770 1775; x_wconf 88' lang='lat' dir='ltr'><strong>qui,</strong></span> <span class='ocrx_word' id='word_1_92' title='bbox 803 1719 964 1776; x_wconf 84' lang='lat' dir='ltr'><strong>quamquam</strong></span> <span class='ocrx_word' id='word_1_93' title='bbox 985 1703 1038 1775; x_wconf 92' lang='lat' dir='ltr'><strong>ipsi</strong></span> <span class='ocrx_word' id='word_1_94' title='bbox 1059 1703 1143 1759; x_wconf 90' lang='lat' dir='ltr'><strong>multo</strong></span> <span class='ocrx_word' id='word_1_95' title='bbox 1166 1703 1316 1775; x_wconf 87' lang='lat' dir='ltr'><strong>impuden-</strong></span> 
     </span>
     <span class='ocr_line' id='line_1_13' title="bbox 209 1799 1213 1877; baseline 0.002 -17"><span class='ocrx_word' id='word_1_96' title='bbox 209 1805 302 1875; x_wconf 88' lang='lat' dir='ltr'><strong>tiores,</strong></span> <span class='ocrx_word' id='word_1_97' title='bbox 333 1803 446 1860; x_wconf 81' lang='lat' dir='ltr'><strong>laminas</strong></span> <span class='ocrx_word' id='word_1_98' title='bbox 468 1810 557 1861; x_wconf 76' lang='lat' dir='ltr'><strong>mmen</strong></span> <span class='ocrx_word' id='word_1_99' title='bbox 579 1811 717 1876; x_wconf 90' lang='lat' dir='ltr'><strong>accusant,</strong></span> <span class='ocrx_word' id='word_1_100' title='bbox 740 1821 834 1862; x_wconf 84' lang='lat' dir='ltr'><strong>sexum</strong></span> <span class='ocrx_word' id='word_1_101' title='bbox 856 1823 932 1862; x_wconf 90' lang='lat' dir='ltr'><strong>sumn</strong></span> <span class='ocrx_word' id='word_1_102' title='bbox 955 1806 1076 1863; x_wconf 79' lang='lat' dir='ltr'><strong>defendit</strong></span> <span class='ocrx_word' id='word_1_103' title='bbox 1096 1807 1132 1877; x_wconf 86' lang='lat' dir='ltr'><strong>tl,</strong></span> <span class='ocrx_word' id='word_1_104' title='bbox 1155 1799 1213 1862; x_wconf 82' lang='lat'><strong>36:</strong></span> 
     </span>
    </p>

    <p class='ocr_par' dir='ltr' id='par_1_4' title="bbox 358 1907 1163 2070">
     <span class='ocr_line' id='line_1_14' title="bbox 359 1907 1074 1983; baseline 0.003 -19"><span class='ocrx_word' id='word_1_105' title='bbox 359 1909 439 1978; x_wconf 83' lang='lat' dir='ltr'><strong>„Non</strong></span> <span class='ocrx_word' id='word_1_106' title='bbox 460 1907 521 1964; x_wconf 92' lang='lat' dir='ltr'><strong>tulit</strong></span> <span class='ocrx_word' id='word_1_107' title='bbox 542 1923 576 1964; x_wconf 90' lang='lat' dir='ltr'><strong>err</strong></span> <span class='ocrx_word' id='word_1_108' title='bbox 598 1907 651 1964; x_wconf 89' lang='lat' dir='ltr'><strong>illis</strong></span> <span class='ocrx_word' id='word_1_109' title='bbox 674 1913 781 1964; x_wconf 85' lang='lat' dir='ltr'><strong>torvum</strong></span> <span class='ocrx_word' id='word_1_110' title='bbox 803 1908 918 1966; x_wconf 86' lang='lat' dir='ltr'><strong>baronia</strong></span> <span class='ocrx_word' id='word_1_111' title='bbox 940 1909 1074 1983; x_wconf 86' lang='lat' dir='ltr'><strong>quendam</strong></span> 
     </span>
     <span class='ocr_line' id='line_1_15' title="bbox 358 2010 1163 2070; baseline 0 -2"><span class='ocrx_word' id='word_1_112' title='bbox 358 2011 521 2068; x_wconf 81' lang='lat' dir='ltr'><strong>clamantem</strong></span> <span class='ocrx_word' id='word_1_113' title='bbox 543 2011 640 2068; x_wconf 85' lang='lat' dir='ltr'><strong>toties:</strong></span> <span class='ocrx_word' id='word_1_114' title='bbox 669 2010 720 2068; x_wconf 86' lang='lat' dir='ltr'><strong>Ubi</strong></span> <span class='ocrx_word' id='word_1_115' title='bbox 741 2029 812 2068; x_wconf 92' lang='lat' dir='ltr'><strong>nunc</strong></span> <span class='ocrx_word' id='word_1_116' title='bbox 832 2014 878 2069; x_wconf 87' lang='lat' dir='ltr'><strong>lex</strong></span> <span class='ocrx_word' id='word_1_117' title='bbox 900 2013 995 2070; x_wconf 85' lang='lat' dir='ltr'><strong>Julia‘l</strong></span> <span class='ocrx_word' id='word_1_118' title='bbox 1017 2011 1163 2069; x_wconf 85' lang='lat' dir='ltr'><strong>dormis‘i“</strong></span> 
     </span>
    </p>

    <p class='ocr_par' dir='ltr' id='par_1_5' title="bbox 182 2115 1315 2918">
     <span class='ocr_line' id='line_1_16' title="bbox 293 2115 1314 2188; baseline -0.004 -13"><span class='ocrx_word' id='word_1_119' title='bbox 293 2117 354 2185; x_wconf 79' lang='lat' dir='ltr'><strong>Ouo</strong></span> <span class='ocrx_word' id='word_1_120' title='bbox 376 2133 411 2172; x_wconf 83' lang='lat' dir='ltr'><strong>ex</strong></span> <span class='ocrx_word' id='word_1_121' title='bbox 432 2117 497 2173; x_wconf 92' lang='lat' dir='ltr'><strong>loco</strong></span> <span class='ocrx_word' id='word_1_122' title='bbox 520 2121 617 2172; x_wconf 84' lang='lat' dir='ltr'><strong>auctor</strong></span> <span class='ocrx_word' id='word_1_123' title='bbox 638 2122 732 2173; x_wconf 90' lang='lat' dir='ltr'><strong>noster</strong></span> <span class='ocrx_word' id='word_1_124' title='bbox 753 2117 834 2172; x_wconf 90' lang='lat' dir='ltr'><strong>etiam</strong></span> <span class='ocrx_word' id='word_1_125' title='bbox 848 2117 920 2188; x_wconf 81' lang='lat' dir='ltr'><strong>legis</strong></span> <span class='ocrx_word' id='word_1_126' title='bbox 936 2115 1008 2172; x_wconf 92' lang='lat' dir='ltr'><strong>illius</strong></span> <span class='ocrx_word' id='word_1_127' title='bbox 1025 2116 1058 2173; x_wconf 89' lang='lat' dir='ltr'><strong>ab</strong></span> <span class='ocrx_word' id='word_1_128' title='bbox 1070 2117 1198 2188; x_wconf 81' lang='lat' dir='ltr'><strong>Augusto</strong></span> <span class='ocrx_word' id='word_1_129' title='bbox 1217 2122 1314 2173; x_wconf 85' lang='lat' dir='ltr'><strong>contra</strong></span> 
     </span>
     <span class='ocr_line' id='line_1_17' title="bbox 209 2218 1315 2292; baseline -0.005 -13"><span class='ocrx_word' id='word_1_130' title='bbox 209 2221 341 2279; x_wconf 80' lang='lat' dir='ltr'><strong>adulteria</strong></span> <span class='ocrx_word' id='word_1_131' title='bbox 367 2222 440 2277; x_wconf 86' lang='lat' dir='ltr'><strong>latae</strong></span> <span class='ocrx_word' id='word_1_132' title='bbox 467 2220 629 2276; x_wconf 78' lang='lat' dir='ltr'><strong>mentionem</strong></span> <span class='ocrx_word' id='word_1_133' title='bbox 656 2218 833 2292; x_wconf 87' lang='lat' dir='ltr'><strong>deprompsit.</strong></span> <span class='ocrx_word' id='word_1_134' title='bbox 876 2220 974 2276; x_wconf 81' lang='lat' dir='ltr'><strong>Florae</strong></span> <span class='ocrx_word' id='word_1_135' title='bbox 1000 2234 1099 2275; x_wconf 90' lang='lat' dir='ltr'><strong>nornen</strong></span> <span class='ocrx_word' id='word_1_136' title='bbox 1126 2220 1154 2275; x_wconf 93' lang='lat' dir='ltr'><strong>in</strong></span> <span class='ocrx_word' id='word_1_137' title='bbox 1181 2219 1315 2276; x_wconf 86' lang='lat' dir='ltr'><strong>Laroniae</strong></span> 
     </span>
     <span class='ocr_line' id='line_1_18' title="bbox 209 2313 1315 2395; baseline -0.003 -13"><span class='ocrx_word' id='word_1_138' title='bbox 209 2340 335 2382; x_wconf 88' lang='lat' dir='ltr'><strong>sermone</strong></span> <span class='ocrx_word' id='word_1_139' title='bbox 356 2340 382 2379; x_wconf 88' lang='lat' dir='ltr'><strong>v.</strong></span> <span class='ocrx_word' id='word_1_140' title='bbox 405 2313 445 2378; x_wconf 84' lang='grc'><strong>49</strong></span> <span class='ocrx_word' id='word_1_141' title='bbox 467 2321 540 2394; x_wconf 84' lang='lat' dir='ltr'><strong>apud</strong></span> <span class='ocrx_word' id='word_1_142' title='bbox 561 2323 674 2378; x_wconf 89' lang='lat' dir='ltr'><strong>eundem</strong></span> <span class='ocrx_word' id='word_1_143' title='bbox 697 2328 806 2395; x_wconf 90' lang='lat' dir='ltr'><strong>poetam</strong></span> <span class='ocrx_word' id='word_1_144' title='bbox 829 2329 926 2378; x_wconf 88' lang='lat' dir='ltr'><strong>exstat.</strong></span> <span class='ocrx_word' id='word_1_145' title='bbox 958 2322 1092 2390; x_wconf 79' lang='lat' dir='ltr'><strong>Quartilla</strong></span> <span class='ocrx_word' id='word_1_146' title='bbox 1119 2323 1192 2395; x_wconf 90' lang='lat' dir='ltr'><strong>apud</strong></span> <span class='ocrx_word' id='word_1_147' title='bbox 1214 2323 1315 2380; x_wconf 89' lang='lat' dir='ltr'><strong>l&#39;etro-</strong></span> 
     </span>
     <span class='ocr_line' id='line_1_19' title="bbox 208 2425 1315 2499; baseline -0.003 -14"><span class='ocrx_word' id='word_1_148' title='bbox 208 2427 281 2485; x_wconf 91' lang='lat' dir='ltr'><strong>nium</strong></span> <span class='ocrx_word' id='word_1_149' title='bbox 302 2427 329 2483; x_wconf 91' lang='lat' dir='ltr'><strong>in</strong></span> <span class='ocrx_word' id='word_1_150' title='bbox 350 2425 477 2499; x_wconf 74' lang='lat' dir='ltr'><strong>satyrico</strong></span> <span class='ocrx_word' id='word_1_151' title='bbox 499 2425 650 2482; x_wconf 88' lang='lat' dir='ltr'><strong>meretricis</strong></span> <span class='ocrx_word' id='word_1_152' title='bbox 672 2425 824 2498; x_wconf 89' lang='lat' dir='ltr'><strong>impudicae</strong></span> <span class='ocrx_word' id='word_1_153' title='bbox 845 2433 937 2499; x_wconf 86' lang='lat' dir='ltr'><strong>partes</strong></span> <span class='ocrx_word' id='word_1_154' title='bbox 960 2426 1027 2497; x_wconf 78' lang='lat' dir='ltr'><strong>agit.</strong></span> <span class='ocrx_word' id='word_1_155' title='bbox 1069 2425 1146 2482; x_wconf 85' lang='lat' dir='ltr'><strong>Unde</strong></span> <span class='ocrx_word' id='word_1_156' title='bbox 1162 2427 1266 2482; x_wconf 87' lang='lat' dir='ltr'><strong>Silviae</strong></span> <span class='ocrx_word' id='word_1_157' title='bbox 1287 2433 1315 2482; x_wconf 91' lang='lat' dir='ltr'><strong>et</strong></span> 
     </span>
     <span class='ocr_line' id='line_1_20' title="bbox 210 2529 1314 2604; baseline -0.003 -15"><span class='ocrx_word' id='word_1_158' title='bbox 210 2533 302 2604; x_wconf 80' lang='lat' dir='ltr'><strong>Syllae</strong></span> <span class='ocrx_word' id='word_1_159' title='bbox 323 2530 431 2589; x_wconf 80' lang='lat' dir='ltr'><strong>nomina</strong></span> <span class='ocrx_word' id='word_1_160' title='bbox 453 2529 614 2602; x_wconf 90' lang='lat' dir='ltr'><strong>deprompta</strong></span> <span class='ocrx_word' id='word_1_161' title='bbox 637 2529 699 2599; x_wconf 80' lang='lat' dir='ltr'><strong>sint,</strong></span> <span class='ocrx_word' id='word_1_162' title='bbox 722 2545 773 2601; x_wconf 91' lang='lat' dir='ltr'><strong>pro</strong></span> <span class='ocrx_word' id='word_1_163' title='bbox 797 2535 874 2586; x_wconf 89' lang='lat' dir='ltr'><strong>certo</strong></span> <span class='ocrx_word' id='word_1_164' title='bbox 897 2547 952 2586; x_wconf 91' lang='lat' dir='ltr'><strong>non</strong></span> <span class='ocrx_word' id='word_1_165' title='bbox 975 2529 1098 2585; x_wconf 86' lang='lat' dir='ltr'><strong>dixerim.</strong></span> <span class='ocrx_word' id='word_1_166' title='bbox 1137 2530 1202 2586; x_wconf 89' lang='lat' dir='ltr'><strong>Silia</strong></span> <span class='ocrx_word' id='word_1_167' title='bbox 1225 2547 1314 2602; x_wconf 88' lang='lat' dir='ltr'><strong>quae-</strong></span> 
     </span>
     <span class='ocr_line' id='line_1_21' title="bbox 209 2626 1314 2703; baseline -0.005 -10"><span class='ocrx_word' id='word_1_168' title='bbox 209 2639 271 2694; x_wconf 87' lang='lat' dir='ltr'><strong>dam</strong></span> <span class='ocrx_word' id='word_1_169' title='bbox 292 2633 387 2692; x_wconf 80' lang='lat' dir='ltr'><strong>Tacito</strong></span> <span class='ocrx_word' id='word_1_170' title='bbox 409 2640 524 2691; x_wconf 86' lang='lat' dir='ltr'><strong>auctore</strong></span> <span class='ocrx_word' id='word_1_171' title='bbox 546 2633 661 2699; x_wconf 76' lang='lat' dir='ltr'><strong>(Annal.</strong></span> <span class='ocrx_word' id='word_1_172' title='bbox 683 2631 759 2703; x_wconf 74' lang='lat' dir='ltr'><strong>xlii,</strong></span> <span class='ocrx_word' id='word_1_173' title='bbox 780 2626 840 2699; x_wconf 79' lang='lat'><strong>20)</strong></span> <span class='ocrx_word' id='word_1_174' title='bbox 893 2632 995 2690; x_wconf 88' lang='lat' dir='ltr'><strong>Neroni</strong></span> <span class='ocrx_word' id='word_1_175' title='bbox 1021 2649 1051 2687; x_wconf 88' lang='lat' dir='ltr'><strong>se</strong></span> <span class='ocrx_word' id='word_1_176' title='bbox 1078 2632 1169 2688; x_wconf 89' lang='lat' dir='ltr'><strong>dabat.</strong></span> <span class='ocrx_word' id='word_1_177' title='bbox 1214 2633 1314 2689; x_wconf 88' lang='lat' dir='ltr'><strong>Sabina</strong></span> 
     </span>
     <span class='ocr_line' id='line_1_22' title="bbox 182 2727 1314 2814; baseline -0.006 -16"><span class='ocrx_word' id='word_1_178' title='bbox 182 2727 186 2736; x_wconf 71' lang='grc'><em>’</em></span> <span class='ocrx_word' id='word_1_179' title='bbox 210 2740 319 2814; x_wconf 89' lang='lat' dir='ltr'><strong>saepius</strong></span> <span class='ocrx_word' id='word_1_180' title='bbox 351 2743 444 2795; x_wconf 87' lang='lat' dir='ltr'><strong>castae</strong></span> <span class='ocrx_word' id='word_1_181' title='bbox 475 2735 594 2794; x_wconf 86' lang='lat' dir='ltr'><strong>mulieris</strong></span> <span class='ocrx_word' id='word_1_182' title='bbox 621 2738 761 2809; x_wconf 86' lang='lat' dir='ltr'><strong>exemplar</strong></span> <span class='ocrx_word' id='word_1_183' title='bbox 783 2753 808 2792; x_wconf 90' lang='lat' dir='ltr'><strong>e.</strong></span> <span class='ocrx_word' id='word_1_184' title='bbox 830 2754 858 2808; x_wconf 82' lang='lat' dir='ltr'><strong>g.</strong></span> <span class='ocrx_word' id='word_1_185' title='bbox 891 2737 964 2809; x_wconf 91' lang='lat' dir='ltr'><strong>apud</strong></span> <span class='ocrx_word' id='word_1_186' title='bbox 984 2734 1143 2792; x_wconf 75' lang='lat' dir='ltr'><strong>iuvenalem</strong></span> <span class='ocrx_word' id='word_1_187' title='bbox 1164 2736 1219 2804; x_wconf 84' lang='lat' dir='ltr'><strong>vl,</strong></span> <span class='ocrx_word' id='word_1_188' title='bbox 1255 2730 1314 2791; x_wconf 81' lang='grc'><strong>164</strong></span> 
     </span>
     <span class='ocr_line' id='line_1_23' title="bbox 209 2833 698 2918; baseline -0.012 -18"><span class='ocrx_word' id='word_1_189' title='bbox 209 2851 237 2900; x_wconf 90' lang='lat' dir='ltr'><strong>et</strong></span> <span class='ocrx_word' id='word_1_190' title='bbox 257 2844 329 2918; x_wconf 90' lang='lat' dir='ltr'><strong>apud</strong></span> <span class='ocrx_word' id='word_1_191' title='bbox 349 2841 498 2900; x_wconf 82' lang='lat' dir='ltr'><strong>Martialem</strong></span> <span class='ocrx_word' id='word_1_192' title='bbox 517 2838 568 2913; x_wconf 88' lang='lat' dir='ltr'><strong>IX,</strong></span> <span class='ocrx_word' id='word_1_193' title='bbox 589 2833 641 2912; x_wconf 80' lang='lat' dir='ltr'><strong>ll,</strong></span> <span class='ocrx_word' id='word_1_194' title='bbox 664 2836 698 2895; x_wconf 81' lang='lat'><strong>5:</strong></span> 
     </span>
    </p>

    <p class='ocr_par' dir='ltr' id='par_1_6' title="bbox 294 2941 955 3018">
     <span class='ocr_line' id='line_1_24' title="bbox 294 2941 955 3018; baseline -0.005 -15"><span class='ocrx_word' id='word_1_195' title='bbox 294 2947 401 3018; x_wconf 81' lang='lat' dir='ltr'><strong>„Quam</strong></span> <span class='ocrx_word' id='word_1_196' title='bbox 424 2950 516 3003; x_wconf 88' lang='lat' dir='ltr'><strong>castae</strong></span> <span class='ocrx_word' id='word_1_197' title='bbox 537 2960 648 3016; x_wconf 85' lang='lat' dir='ltr'><strong>quoque</strong></span> <span class='ocrx_word' id='word_1_198' title='bbox 670 2943 787 3016; x_wconf 78' lang='lat' dir='ltr'><strong>diligunt</strong></span> <span class='ocrx_word' id='word_1_199' title='bbox 809 2941 955 3000; x_wconf 86' lang='lat' dir='ltr'><strong>Sabinae.“</strong></span> 
     </span>
    </p>

    <p class='ocr_par' dir='ltr' id='par_1_7' title="bbox 210 3038 1316 3645">
     <span class='ocr_line' id='line_1_25' title="bbox 294 3038 1315 3122; baseline -0.005 -15"><span class='ocrx_word' id='word_1_200' title='bbox 294 3051 432 3121; x_wconf 82' lang='lat' dir='ltr'><strong>Quatuor,</strong></span> <span class='ocrx_word' id='word_1_201' title='bbox 458 3063 528 3122; x_wconf 88' lang='lat' dir='ltr'><strong>quae</strong></span> <span class='ocrx_word' id='word_1_202' title='bbox 554 3065 580 3103; x_wconf 83' lang='lat' dir='ltr'><strong>v.</strong></span> <span class='ocrx_word' id='word_1_203' title='bbox 605 3038 684 3103; x_wconf 84' lang='grc'>1337</span> <span class='ocrx_word' id='word_1_204' title='bbox 712 3047 898 3117; x_wconf 87' lang='lat' dir='ltr'><strong>nominantur,</strong></span> <span class='ocrx_word' id='word_1_205' title='bbox 931 3047 1046 3102; x_wconf 77' lang='lat' dir='ltr'><strong>feminae</strong></span> <span class='ocrx_word' id='word_1_206' title='bbox 1067 3047 1131 3102; x_wconf 88' lang='lat' dir='ltr'><strong>mibi</strong></span> <span class='ocrx_word' id='word_1_207' title='bbox 1153 3043 1315 3102; x_wconf 82' lang='lat' dir='ltr'><strong>videbantur</strong></span> 
     </span>
     <span class='ocr_line' id='line_1_26' title="bbox 211 3147 1316 3230; baseline -0.009 -17"><span class='ocrx_word' id='word_1_208' title='bbox 211 3172 263 3230; x_wconf 91' lang='lat' dir='ltr'><strong>pro</strong></span> <span class='ocrx_word' id='word_1_209' title='bbox 290 3153 431 3228; x_wconf 81' lang='lat' dir='ltr'><strong>impudicis</strong></span> <span class='ocrx_word' id='word_1_210' title='bbox 458 3149 598 3208; x_wconf 73' lang='lat' dir='ltr'><strong>habendae</strong></span> <span class='ocrx_word' id='word_1_211' title='bbox 619 3165 729 3220; x_wconf 85' lang='lat' dir='ltr'><strong>omnes,</strong></span> <span class='ocrx_word' id='word_1_212' title='bbox 765 3165 835 3222; x_wconf 86' lang='lat' dir='ltr'><strong>quae</strong></span> <span class='ocrx_word' id='word_1_213' title='bbox 857 3149 909 3205; x_wconf 89' lang='lat' dir='ltr'><strong>alia</strong></span> <span class='ocrx_word' id='word_1_214' title='bbox 931 3155 995 3222; x_wconf 89' lang='lat' dir='ltr'><strong>post</strong></span> <span class='ocrx_word' id='word_1_215' title='bbox 1016 3149 1096 3206; x_wconf 88' lang='lat' dir='ltr'><strong>aliam</strong></span> <span class='ocrx_word' id='word_1_216' title='bbox 1119 3147 1205 3221; x_wconf 79' lang='lat' dir='ltr'><strong>regiis</strong></span> <span class='ocrx_word' id='word_1_217' title='bbox 1228 3149 1316 3206; x_wconf 91' lang='lat' dir='ltr'><strong>amori</strong></span> 
     </span>
     <span class='ocr_line' id='line_1_27' title="bbox 211 3252 1315 3326; baseline -0.008 -8"><span class='ocrx_word' id='word_1_218' title='bbox 211 3260 370 3318; x_wconf 82' lang='lat' dir='ltr'><strong>servissent.</strong></span> <span class='ocrx_word' id='word_1_219' title='bbox 413 3255 632 3314; x_wconf 88' lang='lat' dir='ltr'><strong>llerbstiusvero</strong></span> <span class='ocrx_word' id='word_1_220' title='bbox 655 3253 770 3326; x_wconf 80' lang='lat' dir='ltr'><strong>agnovit</strong></span> <span class='ocrx_word' id='word_1_221' title='bbox 790 3253 890 3310; x_wconf 85' lang='lat' dir='ltr'><strong>Rheam</strong></span> <span class='ocrx_word' id='word_1_222' title='bbox 912 3252 1044 3324; x_wconf 74' lang='lat' dir='ltr'><strong>Sylviam,</strong></span> <span class='ocrx_word' id='word_1_223' title='bbox 1066 3253 1202 3325; x_wconf 85' lang='lat' dir='ltr'><strong>virginem</strong></span> <span class='ocrx_word' id='word_1_224' title='bbox 1219 3258 1315 3310; x_wconf 88' lang='lat' dir='ltr'><strong>vesta-</strong></span> 
     </span>
     <span class='ocr_line' id='line_1_28' title="bbox 210 3356 1315 3437; baseline -0.009 -14"><span class='ocrx_word' id='word_1_225' title='bbox 210 3368 279 3436; x_wconf 87' lang='lat' dir='ltr'><strong>lem,</strong></span> <span class='ocrx_word' id='word_1_226' title='bbox 301 3379 382 3437; x_wconf 89' lang='lat' dir='ltr'><strong>quae‚</strong></span> <span class='ocrx_word' id='word_1_227' title='bbox 403 3367 433 3418; x_wconf 91' lang='lat' dir='ltr'><strong>ut</strong></span> <span class='ocrx_word' id='word_1_228' title='bbox 452 3360 578 3430; x_wconf 83' lang='lat' dir='ltr'><strong>baronia,</strong></span> <span class='ocrx_word' id='word_1_229' title='bbox 600 3359 752 3430; x_wconf 84' lang='lat' dir='ltr'><strong>exemplum</strong></span> <span class='ocrx_word' id='word_1_230' title='bbox 774 3362 846 3414; x_wconf 89' lang='lat' dir='ltr'><strong>esset</strong></span> <span class='ocrx_word' id='word_1_231' title='bbox 867 3357 1014 3430; x_wconf 90' lang='lat' dir='ltr'><strong>pudicitiae</strong></span> <span class='ocrx_word' id='word_1_232' title='bbox 1036 3363 1063 3412; x_wconf 90' lang='lat' dir='ltr'><strong>et</strong></span> <span class='ocrx_word' id='word_1_233' title='bbox 1084 3357 1259 3414; x_wconf 82' lang='lat' dir='ltr'><strong>innocentiae</strong></span> <span class='ocrx_word' id='word_1_234' title='bbox 1281 3356 1315 3413; x_wconf 89' lang='lat' dir='ltr'><strong>ab</strong></span> 
     </span>
     <span class='ocr_line' id='line_1_29' title="bbox 212 3451 1316 3538; baseline -0.012 -11"><span class='ocrx_word' id='word_1_235' title='bbox 212 3469 273 3527; x_wconf 88' lang='lat' dir='ltr'><strong>aula</strong></span> <span class='ocrx_word' id='word_1_236' title='bbox 294 3468 404 3538; x_wconf 81' lang='lat' dir='ltr'><strong>iugatae</strong></span> <span class='ocrx_word' id='word_1_237' title='bbox 424 3467 558 3535; x_wconf 81' lang='lat' dir='ltr'><strong>regnante</strong></span> <span class='ocrx_word' id='word_1_238' title='bbox 579 3461 735 3533; x_wconf 84' lang='lat' dir='ltr'><strong>Stephano,</strong></span> <span class='ocrx_word' id='word_1_239' title='bbox 769 3459 815 3532; x_wconf 89' lang='lat' dir='ltr'><strong>qui</strong></span> <span class='ocrx_word' id='word_1_240' title='bbox 836 3477 863 3516; x_wconf 87' lang='lat' dir='ltr'><strong>v.</strong></span> <span class='ocrx_word' id='word_1_241' title='bbox 889 3451 969 3518; x_wconf 84' lang='lat'><strong>1338</strong></span> <span class='ocrx_word' id='word_1_242' title='bbox 996 3461 1094 3518; x_wconf 88' lang='lat' dir='ltr'><strong>lateret</strong></span> <span class='ocrx_word' id='word_1_243' title='bbox 1126 3461 1176 3517; x_wconf 91' lang='lat' dir='ltr'><strong>sub</strong></span> <span class='ocrx_word' id='word_1_244' title='bbox 1206 3461 1316 3518; x_wconf 89' lang='lat' dir='ltr'><strong>nomine</strong></span> 
     </span>
     <span class='ocr_line' id='line_1_30' title="bbox 213 3561 1061 3645; baseline -0.017 -13"><span class='ocrx_word' id='word_1_245' title='bbox 213 3574 317 3645; x_wconf 73' lang='lat' dir='ltr'><strong>Syllae,</strong></span> <span class='ocrx_word' id='word_1_246' title='bbox 339 3567 481 3626; x_wconf 88' lang='lat' dir='ltr'><strong>dictatoris</strong></span> <span class='ocrx_word' id='word_1_247' title='bbox 501 3565 615 3624; x_wconf 85' lang='lat' dir='ltr'><strong>Romani</strong></span> <span class='ocrx_word' id='word_1_248' title='bbox 636 3569 664 3620; x_wconf 86' lang='lat' dir='ltr'><strong>et</strong></span> <span class='ocrx_word' id='word_1_249' title='bbox 685 3563 794 3634; x_wconf 75' lang='lat' dir='ltr'><strong>tyranni</strong></span> <span class='ocrx_word' id='word_1_250' title='bbox 814 3561 926 3619; x_wconf 91' lang='lat' dir='ltr'><strong>libidine</strong></span> <span class='ocrx_word' id='word_1_251' title='bbox 947 3562 1061 3620; x_wconf 78' lang='lat' dir='ltr'><strong>infamis.</strong></span> 
     </span>
    </p>

    <p class='ocr_par' dir='ltr' id='par_1_8' title="bbox 295 3667 1317 3738">
     <span class='ocr_line' id='line_1_31' title="bbox 295 3667 1317 3738; baseline -0.01 -6"><span class='ocrx_word' id='word_1_252' title='bbox 295 3675 326 3733; x_wconf 91' lang='lat' dir='ltr'><strong>ln</strong></span> <span class='ocrx_word' id='word_1_253' title='bbox 352 3675 429 3731; x_wconf 81' lang='lat' dir='ltr'><strong>tanto</strong></span> <span class='ocrx_word' id='word_1_254' title='bbox 456 3671 589 3730; x_wconf 87' lang='lat' dir='ltr'><strong>scelerum</strong></span> <span class='ocrx_word' id='word_1_255' title='bbox 612 3668 719 3724; x_wconf 88' lang='lat' dir='ltr'><strong>cumulo</strong></span> <span class='ocrx_word' id='word_1_256' title='bbox 746 3668 822 3724; x_wconf 87' lang='lat' dir='ltr'><strong>solus</strong></span> <span class='ocrx_word' id='word_1_257' title='bbox 848 3671 934 3724; x_wconf 88' lang='lat' dir='ltr'><strong>restat</strong></span> <span class='ocrx_word' id='word_1_258' title='bbox 960 3667 1153 3737; x_wconf 88' lang='lat' dir='ltr'><strong>cancellarius,</strong></span> <span class='ocrx_word' id='word_1_259' title='bbox 1180 3667 1215 3723; x_wconf 87' lang='lat' dir='ltr'><strong>ad</strong></span> <span class='ocrx_word' id='word_1_260' title='bbox 1237 3683 1317 3738; x_wconf 88' lang='lat' dir='ltr'><strong>quern</strong></span> 
     </span>
    </p>
   </div>
   <div class='ocr_carea' id='block_1_3' title="bbox 212 3769 1317 4166">
    <p class='ocr_par' dir='ltr' id='par_1_9' title="bbox 212 3769 1317 4166">
     <span class='ocr_line' id='line_1_32' title="bbox 212 3769 1315 3854; baseline -0.013 -16"><span class='ocrx_word' id='word_1_261' title='bbox 212 3783 300 3854; x_wconf 78' lang='lat' dir='ltr'><strong>lugiet</strong></span> <span class='ocrx_word' id='word_1_262' title='bbox 324 3779 427 3849; x_wconf 83' lang='lat' dir='ltr'><strong>virtus,</strong></span> <span class='ocrx_word' id='word_1_263' title='bbox 453 3773 586 3833; x_wconf 86' lang='lat' dir='ltr'><strong>libertatis</strong></span> <span class='ocrx_word' id='word_1_264' title='bbox 612 3771 658 3828; x_wconf 94' lang='lat' dir='ltr'><strong>ille</strong></span> <span class='ocrx_word' id='word_1_265' title='bbox 683 3769 783 3828; x_wconf 87' lang='lat' dir='ltr'><strong>vindex</strong></span> <span class='ocrx_word' id='word_1_266' title='bbox 810 3777 837 3828; x_wconf 87' lang='lat' dir='ltr'><strong>et</strong></span> <span class='ocrx_word' id='word_1_267' title='bbox 863 3769 941 3828; x_wconf 81' lang='lat' dir='ltr'><strong>sortis</strong></span> <span class='ocrx_word' id='word_1_268' title='bbox 970 3769 1104 3828; x_wconf 86' lang='lat' dir='ltr'><strong>ccclesiae</strong></span> <span class='ocrx_word' id='word_1_269' title='bbox 1134 3770 1263 3826; x_wconf 89' lang='lat' dir='ltr'><strong>delensor</strong></span> <span class='ocrx_word' id='word_1_270' title='bbox 1288 3788 1315 3825; x_wconf 81' lang='lat' dir='ltr'><strong>u.</strong></span> 
     </span>
     <span class='ocr_line' id='line_1_33' title="bbox 216 3873 1316 3948; baseline -0.013 -6"><span class='ocrx_word' id='word_1_271' title='bbox 216 3873 439 3942; x_wconf 81' lang='lat'>1355-1&#39;360.</span> <span class='ocrx_word' id='word_1_272' title='bbox 472 3879 580 3936; x_wconf 87' lang='lat' dir='ltr'><strong>Transit</strong></span> <span class='ocrx_word' id='word_1_273' title='bbox 601 3875 670 3932; x_wconf 85' lang='lat' dir='ltr'><strong>enirn</strong></span> <span class='ocrx_word' id='word_1_274' title='bbox 692 3881 775 3948; x_wconf 93' lang='lat' dir='ltr'><strong>poeta</strong></span> <span class='ocrx_word' id='word_1_275' title='bbox 798 3875 960 3946; x_wconf 81' lang='lat' dir='ltr'><strong>asteplmni</strong></span> <span class='ocrx_word' id='word_1_276' title='bbox 981 3878 1071 3931; x_wconf 86' lang='lat' dir='ltr'><strong>aetate</strong></span> <span class='ocrx_word' id='word_1_277' title='bbox 1093 3873 1128 3930; x_wconf 87' lang='lat' dir='ltr'><strong>ad</strong></span> <span class='ocrx_word' id='word_1_278' title='bbox 1150 3889 1226 3929; x_wconf 90' lang='lat' dir='ltr'><strong>suurn</strong></span> <span class='ocrx_word' id='word_1_279' title='bbox 1244 3879 1316 3929; x_wconf 91' lang='lat' dir='ltr'><strong>tern-</strong></span> 
     </span>
     <span class='ocr_line' id='line_1_34' title="bbox 214 3976 1317 4064; baseline -0.013 -16"><span class='ocrx_word' id='word_1_280' title='bbox 214 4008 263 4064; x_wconf 91' lang='lat' dir='ltr'><strong>pus</strong></span> <span class='ocrx_word' id='word_1_281' title='bbox 285 3989 332 4060; x_wconf 85' lang='lat' dir='ltr'><strong>ita‚</strong></span> <span class='ocrx_word' id='word_1_282' title='bbox 354 3990 383 4044; x_wconf 88' lang='lat' dir='ltr'><strong>ut</strong></span> <span class='ocrx_word' id='word_1_283' title='bbox 408 3983 506 4042; x_wconf 87' lang='lat' dir='ltr'><strong>dubius</strong></span> <span class='ocrx_word' id='word_1_284' title='bbox 527 3983 655 4063; x_wconf 86' lang='lat' dir='ltr'><strong>haereas,</strong></span> <span class='ocrx_word' id='word_1_285' title='bbox 683 3978 711 4034; x_wconf 94' lang='lat' dir='ltr'><strong>id</strong></span> <span class='ocrx_word' id='word_1_286' title='bbox 732 3978 806 4050; x_wconf 89' lang='lat' dir='ltr'><strong>quod</strong></span> <span class='ocrx_word' id='word_1_287' title='bbox 829 3976 945 4036; x_wconf 88' lang='lat' dir='ltr'><strong>consilio</strong></span> <span class='ocrx_word' id='word_1_288' title='bbox 967 3977 1068 4036; x_wconf 84' lang='lat' dir='ltr'><strong>iactum</strong></span> <span class='ocrx_word' id='word_1_289' title='bbox 1089 3976 1230 4048; x_wconf 83' lang='lat' dir='ltr'><strong>arbitror,</strong></span> <span class='ocrx_word' id='word_1_290' title='bbox 1253 3978 1317 4049; x_wconf 81' lang='lat' dir='ltr'><strong>quid</strong></span> 
     </span>
     <span class='ocr_line' id='line_1_35' title="bbox 215 4081 884 4166; baseline -0.021 -15"><span class='ocrx_word' id='word_1_291' title='bbox 215 4095 250 4151; x_wconf 90' lang='lat' dir='ltr'><strong>ad</strong></span> <span class='ocrx_word' id='word_1_292' title='bbox 270 4093 355 4166; x_wconf 75' lang='lat' dir='ltr'><strong>illum,</strong></span> <span class='ocrx_word' id='word_1_293' title='bbox 377 4088 442 4163; x_wconf 87' lang='lat' dir='ltr'><strong>quid</strong></span> <span class='ocrx_word' id='word_1_294' title='bbox 464 4088 498 4145; x_wconf 89' lang='lat' dir='ltr'><strong>ad</strong></span> <span class='ocrx_word' id='word_1_295' title='bbox 519 4086 664 4144; x_wconf 88' lang='lat' dir='ltr'><strong>Henricum</strong></span> <span class='ocrx_word' id='word_1_296' title='bbox 685 4082 720 4153; x_wconf 88' lang='lat'><strong>11,</strong></span> <span class='ocrx_word' id='word_1_297' title='bbox 741 4081 884 4154; x_wconf 87' lang='lat' dir='ltr'><strong>pertineat.</strong></span> 
     </span>
    </p>
   </div>
   <div class='ocr_carea' id='block_1_4' title="bbox 0 0 1469 4976">
    <p class='ocr_par' dir='ltr' id='par_1_10' title="bbox 0 0 1469 4976">
     <span class='ocr_line' id='line_1_36' title="bbox 0 0 1469 4976; baseline 0 0"><span class='ocrx_word' id='word_1_298' title='bbox 0 0 1469 4976; x_wconf 95' lang='lat' dir='ltr'><strong> </strong></span> 
     </span>
    </p>
   </div>
  </div>
 </body>
</html>
