2924 4974
732 429 929 546 At...

147 643 174 680 ⁰·
188 638 338 680 ..unumne
452 632 512 698 Sed
534 651 593 696 nec
614 631 694 715 opud
715 635 835 697 veteres
856 631 1050 696 confunditur
1070 631 1149 696 crdo
1170 631 1300 714 legendi,

532 749 669 832 Namque
685 747 813 832 gradum
827 749 985 832 proprium
1002 765 1143 830 5555555
1158 749 1301 813 05555155

942 865 1068 928 intents

451 981 679 1047 0555550555
699 981 836 1063 sequitur
855 980 1017 1060 diasirtica,
1037 981 1191 1064 synthesis
1212 981 1300 1058 illam,

346 1101 417 1164 360.
533 1098 624 1162 chis
646 1115 724 1176 eom,
744 1095 844 1160 rhesis
865 1099 1037 1179 posteriore
1058 1098 1165 1180 gradu

449 1215 502 1280 llis
522 1213 669 1298 gradihus
691 1229 836 1276 crescens
858 1212 999 1278 15555015
1020 1213 1158 1296 possidet
1179 1231 1277 1275 arcein

533 1332 572 1396 Et
592 1331 693 1396 rusios
714 1335 796 1394 15155
818 1329 933 1412 5115555
953 1328 1059 1394 labore
1080 1329 1179 1392 docet.

448 1449 568 1531 Eloquii
588 1449 615 1512 si
636 1447 706 1530 quis
727 1447 865 1529 perfecte
887 1448 1006 1512 noverit
1026 1451 1131 1525 551515,

532 1563 696 1640 Quodlibet
716 1581 854 1646 appones
876 1563 998 1646 dogma,
1019 1563 1135 1645 peritus
1155 1561 1221 1624 erit.

346 1681 416 1746 365.
450 1682 570 1746 transit
591 1680 628 1744 ub
648 1679 697 1744 his
718 1679 838 1744 tandem
860 1680 967 1744 studiis
988 1695 1123 1762 operoso
1139 1681 1279 1756 juventus

531 1799 635 1881 Pergit
656 1803 686 1861 et
706 1797 739 1860 in
758 1797 859 1860 verius
881 1793 1127 1880 philosophando
1147 1793 1223 1871 5155,

449 1913 535 1990 0555
556 1920 656 1978 tumen
677 1915 717 1978 nd
737 1915 828 1978 [inem
849 1912 977 1977 tendunt
991 1909 1184 1976 concorditer
1199 1928 1299 1988 unum,

532 2031 629 2094 Unum
650 2049 781 2112 numque
802 2037 894 2114 ceput
914 2027 1109 2111 Philosophia
1130 2028 1218 2109 gerit

448 2146 560 2212 Rerum
581 2152 704 2210 noturus
725 2153 907 2226 scrutantur,
929 2145 1001 2227 quid
1020 2151 1060 2209 sit
1079 2145 1250 2222 honesturn,

345 2261 416 2328 370.
533 2261 682 2345 Undeque
703 2265 864 2348 proveniat
883 2263 944 2328 rito
964 2262 1053 2325 bertr
1074 2261 1141 2340 sihi,

448 2378 615 2462 inspiciunt
633 2381 716 2444 vires
736 2387 768 2443 51
788 2381 882 2443 stricti
900 2379 978 2461 juris
1000 2383 1031 2441 51
1051 2380 1151 2460 nemu,

532 2493 621 2560 Senis
643 2502 695 2560 551
715 2498 817 2578 aegris
839 2495 913 2578 quid
934 2495 1084 2560 medicina
1105 2494 1194 2558 volet.

146 2641 200 2688 555
213 2641 349 2692 nvn-..pn
455 2609 532 2676 Cum
545 2618 678 2704 15555155
699 2618 789 2690 artes,
811 2631 879 2676 curn
901 2612 1043 2694 dogmata
1064 2615 1173 2674 cuncto
1186 2611 1302 2693 peritus

164 2713 250 2752 ⁰³³³¹²¹¹⁸
267 2713 335 2762 '’¹¹⁰⁰“
536 2728 672 2807 Noverit,
692 2729 851 2811 imperium
871 2730 985 2811 pagina
1003 2745 1091 2792 sacru
1110 2731 1202 2790 tenet

164 2811 326 2946 5555555
346 2843 416 2908 375.
450 2844 588 2921 Quantos
608 2845 666 2907 ists
687 2845 926 2910 5515511550515
946 2851 1103 2928 proestsre
1125 2845 1249 2906 crectis:

212 2941 276 2976 oritur.

534 2959 720 3045 Suhjectum,
741 2963 873 3044 species,
896 2961 1079 3042 urticisque
1100 2977 1218 3038 monus,

447 3078 529 3142 Finis
550 3079 633 3157 item,
654 3080 772 3142 cunctis
794 3079 846 3160 qui
867 3079 990 3142 nornine
1010 3077 1102 3140 rehtu
1123 3056 1254 3159 adaptet,

531 3194 608 3258 Nam
629 3195 710 3258 bonu
730 3194 782 3257 uel
802 3194 880 3258 51515
900 3202 972 3258 sunt
993 3195 1093 3258 551515
1114 3193 1174 3256 line
1195 3209 1263 3255 suo.

448 3309 588 3375 Materies
610 3311 699 3395 hujus
721 3311 805 3375 Deus
827 3318 883 3390 est,
904 3311 1069 3392 mundique
1089 3309 1259 3392 suppellex,

345 3425 416 3490 380.
532 3428 609 3506 Lux,
630 3445 648 3489 a
669 3446 729 3509 quo
750 3447 856 3492 verum
877 3428 1005 3507 ducitur,
1028 3434 1212 3490 ornatuum.

157 3552 211 3598 onos
224 3553 264 3591 veri
266 3558 325 3591 =====
327 3558 333 3592 r
449 3542 558 3609 Forma
579 3543 700 3626 quidem
721 3562 772 3608 res
794 3550 851 3624 est,
873 3561 912 3608 cx
933 3562 993 3625 qua
1013 3561 1064 3606 res
1080 3548 1299 3618 veruvocatun

144 3625 346 3732 ¹0:3¹⁸0‘ff1'ff'2h.
532 3660 620 3725 Unde
629 3660 670 3740 lit,
681 3667 715 3724 ut
723 3666 852 3740 constet,
865 3659 947 3742 quod
958 3679 1046 3724 socru
1056 3661 1169 3743 scriptu
1179 3659 1299 3722 docent.

412 3877 444 3926 V.
462 3873 511 3928 350
538 3882 564 3926 51
589 3873 639 3926 300
660 3877 709 3927 Lm
736 3877 835 3928 hebent
853 3877 964 3928 Glosses
990 3875 1164 3927 interlineas
1187 3875 1219 3925 50
1242 3885 1299 3924 roc.

343 3944 485 4005 synthesis:
511 3943 543 3993 05
569 3943 753 4003 construenda,
780 3945 812 3993 50
836 3957 891 3994 voc.
915 3945 994 3994 lectu.-
1019 3943 1038 3992 i.
1061 3941 1155 4002 dictio,
1181 3941 1214 3992 50
1241 3953 1298 3990 voc.

343 4009 440 4059 rhesis:
456 4010 527 4060 unde
544 4009 681 4060 rhetorico.
716 4011 748 4060 V.
766 4008 824 4060 300.
848 4009 1018 4071 Philosophia
1036 4010 1057 4058 L
1079 4009 1159 4067 5111,
1181 4008 1222 4058 vel
1245 4010 1300 4056 1515

344 4075 502 4136 sophioLnr.
537 4077 569 4126 V.
579 4074 637 4126 313.
655 4074 718 4137 nug.
737 4076 990 4138 endepromptum
1003 4075 1064 4126 inll
1079 4075 1163 4126 deest.
1198 4073 1231 4124 V.
1240 4071 1299 4123 315.

343 4140 407 4203 Arg.
428 4143 487 4193 tuus
513 4143 597 4193 oritur
612 4143 645 4202 L,
676 4142 775 4193 oriatur
796 4143 905 4194 155511.
939 4143 972 4195 V.
990 4140 1041 4194 380
1062 4141 1167 4194 ducitur
1188 4141 1214 4191 Η
1236 4139 1300 4191 ctL

344 4206 500 4275 (correctio),
518 4209 582 4261 dicit
597 4209 627 4260 L.
