2912 4976
614 467 804 580 ΞΟ]

153 688 180 742 p.
207 663 276 743 102,
298 672 333 728 de
354 671 501 729 animarum
522 672 687 746 migratione
709 681 735 730 et
756 690 828 732 anno
850 690 961 746 magne,
983 688 1038 748 quo
1060 675 1211 748 praeterito
1227 677 1254 732 in

153 775 262 832 eoelum
274 777 389 834 redeant
403 777 467 834 Tim.
478 793 508 850 p.
526 770 566 834 39
586 779 609 834 D
632 783 660 834 et
681 771 754 835 42Ε
776 793 847 851 sqq,
869 776 990 834 Gbaleid.
1002 794 1030 850 p.
1044 770 1118 851 1053
1140 779 1254 836 sednon

152 877 241 934 minus
264 881 445 938 conterendus
467 887 509 937 eat
529 881 606 938 lesus
622 881 735 939 Phaedri
752 899 779 954 p.
800 875 861 940 248
874 897 944 954 aqq,
961 881 995 938 de
1009 882 1118 956 duplice
1139 882 1255 956 denique

153 983 306 1040 animorum
327 991 403 1041 motu
424 985 546 1042 Cbaleid.
571 979 640 1056 128,
665 981 733 1042 155.

238 1087 352 1143 brevius
373 1093 402 1144 et
421 1089 565 1146 obscurius
586 1105 611 1144 ι.
635 1082 831 1147 995-1012
852 1095 948 1146 noster
968 1089 1089 1162 loquitur
1111 1091 1145 1148 de
1165 1091 1255 1161 lunae,

152 1209 234 1263 quam
256 1209 282 1248 v.
299 1185 359 1248 995
383 1192 525 1263 Cynthium
546 1193 563 1248 i.
586 1209 610 1248 e.
631 1193 743 1250 lliaumn
764 1192 892 1266 appellat,
914 1198 942 1248 et
962 1193 1029 1248 rolla
1052 1193 1078 1249 vi
1099 1199 1127 1248 et
1146 1193 1255 1266 affeetu,

154 1312 254 1366 neque,
276 1296 350 1368 qued
372 1297 465 1367 selem,
487 1312 521 1352 ex
544 1296 657 1368 propria
678 1295 808 1366 Platonis,
830 1296 878 1352 red
900 1295 1035 1352 communi
1052 1297 1172 1354 Graecae
1183 1297 1256 1354 anti-

153 1400 265 1471 quitatis
286 1400 434 1471 sententia,
459 1416 531 1472 quae
551 1416 606 1457 non
628 1400 727 1471 modo,
756 1399 831 1472 quod
856 1415 906 1472 par
927 1417 956 1457 sa
983 1407 1109 1474 apparet,
1136 1403 1255 1458 calorem

153 1519 189 1560 ex
213 1504 273 1560 sele
296 1504 364 1560 oriri
386 1503 525 1574 eradebat,
546 1503 595 1562 sed
616 1503 708 1574 etiam,
730 1502 806 1576 quod
826 1503 905 1560 uobis
931 1503 989 1559 lere
1017 1503 1112 1561 mirum
1136 1505 1256 1576 videtur,

153 1609 296 1664 bumnrem
319 1607 353 1664 ad
373 1609 463 1664 lunam
485 1607 630 1664 referebat.
674 1607 846 1664 Communem
868 1608 938 1664 bane
959 1607 1124 1664 Graecorum
1145 1615 1256 1665 senten-

153 1711 218 1767 tiam
241 1712 333 1782 luisse,
355 1711 441 1783 mytbi
461 1711 574 1783 dorent,
600 1711 780 1768 detondebant
800 1727 869 1783 eam,
896 1728 930 1767 ne
956 1713 991 1768 de
1011 1712 1182 1786 pbilosopbis
1202 1714 1256 1771 Jo-

153 1815 222 1870 nieis
249 1816 351 1888 dieam,
371 1815 474 1886 Stoiei,
501 1816 550 1882 (el.
572 1816 697 1873 Plutareb
719 1815 753 1871 de
773 1817 845 1872 faeie
866 1816 945 1872 lunae
967 1817 1037 1889 0pp.
1059 1816 1093 1888 ll,
1120 1835 1146 1890 p.
1170 1810 1255 1887 932),

153 1919 293 1976 lebannes
315 1920 423 1991 quidem
445 1926 539 1978 nester
561 1920 638 1976 novit
659 1919 738 1976 etiem
762 1936 796 1974 ex
807 1920 893 1976 Plinio
905 1920 936 1976 tt.
948 1921 980 1990 tt,
993 1921 1027 1976 ll.
1054 1914 1078 1976 l.
1101 1922 1180 1993 Fugit
1201 1938 1254 1992 nne,

153 2024 226 2080 unde
245 2024 343 2080 lactum
359 2023 404 2094 ait,
426 2029 455 2079 ut
464 2023 572 2080 Platoni
594 2024 760 2080 tribueretur
775 2024 844 2080 baeu
865 2025 968 2096 opinio.
1012 2025 1112 2080 Noster
1122 2025 1219 2080 deinde
1240 2043 1255 2081 a

153 2128 222 2184 solis
244 2128 305 2184 luee
326 2129 428 2200 repetit
443 2127 587 2200 imaginem
600 2127 768 2186 differentiae
788 2135 817 2184 et
837 2128 1046 2200 conjunctionis,
1067 2145 1137 2201 qnae
1152 2130 1257 2186 obtinet

153 2232 226 2287 inter
246 2227 301 2286 'Dei
326 2239 354 2288 et
379 2233 517 2288 bominum
543 2232 697 2303 seientiam,
724 2232 852 2304 siquidem
880 2237 910 2286 ut
935 2230 1001 2288 solia
1026 2233 1073 2287 lux
1105 2238 1132 2287 et
1159 2234 1255 2290 oeulos

153 2333 250 2391 videre
279 2332 346 2390 feeit
381 2341 409 2389 et
440 2350 536 2391 eornm
571 2334 656 2391 aciem
687 2335 880 2407 praestringit,
912 2335 949 2390 ita
987 2335 1076 2391 divina
1113 2337 1254 2408 sapientia,

153 2455 226 2509 quae
247 2438 371 2494 homiues
392 2437 519 2509 illustrat,
542 2438 565 2494 si
586 2439 666 2494 nimia
688 2444 739 2510 est,
761 2439 898 2494 bominum
921 2445 1023 2494 mentes
1045 2440 1179 2496 obtundit.

239 2543 272 2597 V.
299 2535 520 2598 1013-1042.
565 2542 684 2598 Platonis
706 2548 734 2599 et
753 2542 911 2598 Aristotelis
940 2543 1073 2615 principia
1099 2543 1137 2599 ita
1160 2546 1254 2616 juneta

153 2647 198 2701 vel
224 2644 308 2701 mixta
335 2652 412 2716 sunt,
440 2651 469 2702 ut
496 2645 606 2702 dilfleile
627 2645 828 2715 discernantur,
860 2661 1019 2717 quemquam
1048 2646 1124 2704 initio
1150 2653 1178 2702 et
1203 2649 1255 2703 line

151 2749 283 2822 loquendi
295 2747 538 2819 ratinilristotelia,
550 2748 639 2806 medio
650 2763 721 2820 quae
727 2748 831 2804 Platoni
843 2753 885 2804 eat
895 2748 1089 2821 estlemiliaris,
1101 2752 1144 2807 vel
1157 2751 1255 2823 ubique

152 2852 517 2926 potiuaNeoplatonieornm
539 2851 623 2908 dictio
645 2851 812 2922 agnoseitur.
844 2849 997 2906 Aristotelia
1019 2853 1122 2908 termae
1138 2853 1255 2910 Platonis

151 2956 222 3012 ideis
244 2963 307 3012 aunt
326 2956 560 3027 acnommodatae,
580 2956 701 3012 idearum
722 2969 791 3012 vero
813 2953 959 3025 partieipea
981 2955 1075 3012 vivunt
1096 2971 1139 3012 res
1161 2973 1255 3014 omnes

152 3061 182 3116 in
204 3060 312 3116 ratione
332 3060 392 3132 bei,
415 3062 461 3132 qui
482 3060 604 3118 informis
626 3066 668 3116 eat
689 3060 835 3116 termarum
857 3058 944 3114 forma
966 3059 1010 3115 vel
1031 3058 1151 3116 idearum
1173 3060 1255 3131 origo

152 3170 183 3220 et
203 3163 245 3220 vis
267 3163 394 3236 simplex,
415 3163 540 3221 diversus
561 3164 608 3220 ille
629 3180 645 3220 a
666 3163 722 3220 Diis
744 3161 919 3218 interioribus
941 3166 969 3216 et
990 3161 1162 3234 compositis,
1185 3179 1255 3236 quos

152 3267 269 3338 singulis
291 3272 405 3324 naturae
427 3267 549 3340 partibus
575 3267 716 3340 praeleeit.
758 3266 824 3322 l'irn.
847 3283 873 3338 p.
896 3257 936 3320 39
958 3281 1016 3336 sqq.
1051 3265 1144 3323 Chele.
1166 3284 1192 3340 p.
1214 3261 1254 3323 94

152 3388 212 3444 sqq.
255 3371 320 3428 dub.
340 3371 430 3429 bletal.
453 3364 635 3443 11,20;1tt,
657 3363 705 3426 35.

237 3475 344 3546 Singuli
360 3475 546 3547 eiusmodiliii
567 3479 697 3548 praesunt
718 3474 856 3530 elementis
879 3479 906 3528 et
927 3473 1017 3542 nstris,
1040 3489 1074 3528 eo
1097 3472 1254 3546 superiores

151 3578 202 3648 illi,
225 3595 280 3649 quo
303 3581 468 3637 remotiores
489 3597 507 3636 a
527 3585 611 3650 terra,
634 3594 728 3636 ornnes
750 3593 818 3633 vero
841 3577 955 3648 subjecti
976 3575 1055 3632 sieuti
1076 3576 1254 3647 particulares

152 3681 289 3738 communi
311 3681 403 3738 muudi
423 3683 537 3739 animae.
575 3681 640 3738 Tim.
670 3674 725 3751 34,
747 3697 772 3736 e.
795 3697 853 3753 sqq.
894 3680 986 3736 Cbale.
1009 3697 1034 3751 p.
1054 3673 1094 3734 52
1115 3696 1173 3752 sqq.
1194 3680 1254 3736 lam

151 3801 213 3840 eum
236 3791 335 3840 auetor
355 3785 391 3840 ad
412 3791 513 3842 terram
535 3792 671 3856 trauseat,
693 3783 727 3841 ab
740 3801 773 3840 eo
796 3783 910 3856 primum
931 3782 1048 3839 diversa.
1061 3784 1255 3840 elementorum

151 3888 272 3960 dignitas
294 3888 472 3960 describitur,
494 3889 592 3946 deinde
614 3905 704 3945 rerum
730 3887 898 3943 terrestrium
920 3887 1002 3956 origo
1029 3892 1057 3941 et
1082 3886 1194 3944 mutatio
1221 3887 1255 3944 ad

150 4009 197 4048 res
215 3992 349 4048 coelestes
371 3992 525 4049 referuntur
540 3998 674 4064 tamquam
687 4007 793 4046 eausam
805 3991 849 4046 vel
865 4006 955 4046 rerum
970 3993 1101 4044 naturum.
1127 3989 1256 4047 Elemen-

151 4104 208 4152 tnm
230 4095 343 4152 interius
364 4111 414 4167 per
436 4095 560 4168 superius
587 4094 626 4151 lui
652 4099 680 4149 et
701 4092 813 4166 purgari
840 4099 868 4148 et
893 4109 938 4148 res
966 4090 1124 4148 sublunares
1150 4093 1255 4166 imper-

150 4201 283 4256 fectiores
304 4199 365 4270 regi
388 4198 422 4255 ab
444 4197 563 4254 aeternis
584 4198 654 4254 ultra
676 4197 764 4253 lunam
780 4195 886 4267 positis,
909 4200 1051 4265 utramque
1061 4194 1255 4268 Pythagoreo-

1036 4287 1055 4348 9
