2912 4976
607 422 802 538 jz„

152 645 268 686 sacrum
295 627 387 702 illum,
420 630 482 686 dum
510 631 637 688 scrobem
665 633 790 705 molitur,
822 628 964 690 iuveniat.“
1017 630 1047 690 Si
1073 631 1141 688 haec
1172 646 1263 688 rerum

152 733 329 806 perturbatio
350 739 466 790 mentem
486 733 565 806 tollit,
587 751 646 792 eam
668 735 783 792 arbitrio
806 735 824 792 i.
847 752 871 792 e.
894 733 1035 793 voluntate
1054 741 1147 794 servat
1168 734 1262 808 philo·

152 837 264 911 sophia.
308 838 364 894 Sed
390 836 531 894 arbitrium
558 838 663 911 indiget
689 840 830 910 libertate,
857 853 929 913 quae
954 838 1018 896 inde
1043 839 1161 914 pendet,
1186 838 1262 911 quod

152 941 249 1012 gratia
276 947 413 1014 praestat,
439 947 468 996 ut
495 941 567 999 ratio
594 957 661 1000 vera
687 943 824 1000 discernet
851 949 880 1000 et
899 942 1012 1000 allectus
1039 943 1102 1000 ie.
1125 939 1261 1016 appetitus

153 1045 202 1100 vel
224 1044 313 1102 studia
339 1044 443 1102 bonum
470 1044 585 1116 diligant
606 1051 634 1102 et
661 1053 799 1120 expetant.
844 1046 947 1114 Quibus
972 1047 1042 1104 haec
1067 1045 1262 1120 perspicientia

155 1147 228 1219 veri,
250 1165 328 1204 amor
348 1148 416 1206 boni
438 1154 465 1204 et
485 1149 634 1206 voluntatis
655 1149 767 1206 libertas
789 1149 915 1208 concessi
936 1155 1008 1222 sunt,
1029 1165 1079 1206 cos
1100 1148 1190 1220 gratia
1210 1148 1262 1203 bt-

157 1251 223 1308 viua
245 1251 280 1308 ad
291 1251 494 1324 philosophiam
516 1259 662 1310 consecrat
682 1271 709 1310 v.
721 1247 894 1312 ibt-276.
928 1252 969 1310 cl.
981 1245 1151 1323 Μυῖα-99,
1173 1269 1199 1324 p.
1211 1243 1262 1308 63.

154 1354 334 1429 Philosophia
356 1355 472 1412 animum
493 1355 640 1428 illustrans,
662 1355 806 1429 corrigens
828 1364 856 1414 et
876 1356 1015 1414 advitam
1036 1357 1142 1414 beatam
1157 1355 1261 1428 perdu-

155 1477 238 1531 cens,
265 1461 348 1518 anirui
373 1461 594 1534 perturbationes
622 1469 649 1520 et
674 1463 788 1521 allectus
814 1481 870 1522 noo
897 1462 1008 1520 omnino
1035 1461 1133 1518 tollere
1159 1465 1261 1532 potest,

155 1565 206 1620 sed
229 1570 331 1621 tantum
353 1581 454 1636 regere
470 1571 498 1621 et
514 1564 636 1624 domare.
678 1567 739 1635 Ouo
755 1566 940 1642 perniciosior
955 1565 981 1622 ei
1002 1571 1045 1622 est
1065 1562 1205 1635 superbia,
1225 1577 1261 1618 eo

156 1668 256 1739 major,
278 1684 310 1724 ea
333 1675 471 1740 superata,
493 1669 627 1726 victoriae
648 1671 720 1728 laus.
753 1671 839 1738 Quam
860 1671 884 1728 si
902 1668 1056 1744 reportavit
1075 1664 1263 1741 philosophia,

155 1771 223 1828 nihil
244 1772 330 1842 majus
352 1777 408 1842 est,
430 1788 518 1845 neque
539 1773 680 1847 quisquam
701 1780 758 1846 est,
791 1774 837 1847 qui
863 1773 929 1832 satis
951 1789 1010 1830 eam
1031 1771 1143 1828 laudare
1163 1769 1261 1843 possit.

155 1873 264 1931 Etenim
285 1874 459 1948 philosophia
486 1882 528 1932 est
555 1893 633 1934 atuor
654 1877 818 1950 sapientiae,
845 1877 978 1950 sapientia
1004 1891 1072 1934 vero
1099 1874 1187 1945 Deus,
1212 1873 1260 1930 illa

155 1979 242 2050 igitur
262 1979 313 2035 Dei
339 1995 431 2051 amor,
463 1979 510 2054 qui
536 1997 597 2038 cum
623 1997 639 2038 a
667 1983 720 2038 tide
747 1981 878 2056 pendeat,
910 1978 1087 2054 philosophia
1118 1977 1175 2034 siue
1208 1976 1262 2032 lide

156 2081 311 2138 Christiana
333 2099 394 2139 esse
415 2099 471 2140 non
492 2089 594 2157 potest.
637 2084 715 2141 Fides
736 2101 805 2142 vero
828 2101 888 2140 cum
911 2083 1041 2156 operibus
1064 2080 1260 2152 conspiciatur,

155 2201 247 2256 noque
280 2185 367 2240 virtus
399 2185 433 2242 ab
466 2202 497 2242 ea
530 2187 648 2260 disjungi
680 2194 784 2261 potest.
838 2188 932 2259 ltaque
963 2185 1030 2242 tides
1062 2184 1262 2240 tundamentum

155 2287 361 2360 philosophiae,
382 2307 410 2345 v.
429 2283 605 2348 att-324.
638 2291 814 2348 Thomsenius
837 2290 964 2362 agnoscit
985 2289 1056 2346 illam
1072 2286 1216 2358 Augustini
1234 2291 1262 2342 et

154 2391 276 2446 Anseloni
297 2391 463 2449 doctrinam:
491 2394 573 2463 „lldes
595 2395 735 2467 praecedit
755 2395 935 2452 intellectum:
958 2393 1005 2466 qui
1025 2407 1081 2448 non
1103 2389 1261 2462 crediderit,

154 2510 211 2550 non
227 2494 396 2568 experietur,
419 2502 447 2552 et
468 2497 513 2569 qui
534 2504 664 2570 expertus
687 2514 742 2556 non
763 2498 855 2569 luerit,
877 2491 1101 2566 nonintelliget.“
1134 2493 1261 2550 Ceterum

154 2598 189 2654 de
211 2599 403 2672 providentiae
413 2600 527 2658 Divinae
548 2606 577 2658 et
598 2597 705 2659 arbitrii
726 2603 833 2660 humaui
856 2616 990 2666 consensu
1012 2596 1260 2668 videl‘olicrat.ll,

153 2695 205 2772 22,
234 2700 269 2757 de
288 2703 386 2760 Divina
413 2704 606 2777 philosophiae
630 2706 659 2762 vi
685 2713 712 2766 et
739 2713 835 2763 natura
861 2704 921 2776 vlt,
951 2697 999 2774 11,
1028 2701 1062 2758 de
1088 2705 1202 2775 utraque
1229 2716 1260 2755 re

151 2805 299 2876 Augustin.
327 2806 363 2862 de
389 2805 468 2863 civit
490 2807 540 2863 Dei
565 2807 613 2864 lib.
639 2808 713 2868 xlv.
765 2808 898 2865 lobannis
925 2806 1067 2880 copiosam
1098 2803 1260 2861 brevitatem

153 2925 215 2966 cum
252 2909 331 2980 larga
364 2910 534 2983 eruditione,
566 2929 646 2984 quana
677 2913 732 2969 hoc
764 2912 872 2984 quidem
906 2909 972 2968 loco
1005 2909 1136 2981 detegere
1167 2906 1259 2964 conti·

152 3013 211 3086 git,
255 3018 460 3085 comparantem
502 3013 589 3072 miuus
631 3031 674 3072 me
710 3015 783 3072 subit
819 3013 948 3072 admirari
990 3011 1141 3070 doctrinam
1179 3027 1260 3084 quam

154 3115 253 3171 ruentis
275 3128 403 3186 acumen,
436 3117 527 3188 quod,
558 3134 628 3191 quae
655 3118 683 3174 iu
709 3118 890 3192 scriptoribus
912 3124 966 3174 mm
992 3114 1107 3173 diversis
1139 3120 1258 3186 cognata

153 3217 341 3293 apparebant,
368 3234 402 3276 ea
423 3235 478 3276 non
500 3221 604 3293 reperit
624 3221 723 3293 modo,
755 3222 803 3280 sed
825 3221 906 3278 ctiam
933 3219 1071 3292 aptissime
1093 3217 1258 3290 composuit.

152 3323 216 3391 Quo
238 3321 323 3380 modo
343 3321 414 3380 haec
434 3323 645 3396 philosophandi
671 3325 743 3384 ratio
770 3325 806 3382 sit
830 3322 1033 3382 reconcilianda
1060 3339 1120 3378 cum
1147 3320 1258 3378 dubita·

151 3427 244 3497 tione,
277 3441 356 3498 quam
383 3425 448 3482 alibi
469 3427 584 3499 probat,
605 3427 784 3500 Academica,
806 3434 834 3485 et
854 3427 886 3486 tt.
907 3427 1007 3484 lieuter
1028 3426 1131 3483 docere
1157 3424 1259 3484 studuit

150 3547 178 3586 v.
204 3523 253 3600 11,
278 3522 316 3586 15
339 3534 368 3583 et
389 3527 514 3602 equidem
535 3529 605 3584 inira
627 3529 751 3596 quaesivi
772 3530 807 3586 ad
827 3547 853 3587 v.
875 3523 938 3586 726
959 3535 989 3586 et
1011 3522 1100 3586 1119.

235 3633 296 3690 lam
328 3631 441 3704 longius
474 3633 575 3705 repetit
601 3641 804 3705 argumentum,
836 3649 891 3706 quo
920 3633 1102 3704 demonstret,
1134 3632 1214 3688 lldem
1240 3649 1257 3690 a

149 3735 329 3810 philosophia
355 3751 411 3792 non
433 3734 568 3792 diversam
595 3751 666 3793 esse.
707 3735 806 3809 Incipit
828 3736 861 3792 ah
884 3736 990 3807 ordine,
1018 3751 1097 3808 quem
1123 3733 1259 3808 praecipit

149 3837 340 3913 philosophia,
361 3838 420 3896 sine
441 3853 495 3910 quo
518 3853 611 3896 veram
632 3839 737 3896 laudem
758 3855 838 3896 nemo
861 3840 992 3912 consequi
1012 3837 1108 3911 possin
1146 3837 1256 3895 Obver-

149 3949 227 4002 satur
248 3943 275 3998 ei
296 3942 333 3999 ob
356 3947 472 3999 monmna
494 3947 607 3998 naturae
629 3946 657 3997 et
677 3941 758 3998 animi
778 3942 887 3999 humani
913 3942 940 3998 in
971 3941 1068 3998 ordine
1095 3955 1255 4012 consensus,

149 4047 185 4104 de
207 4062 264 4121 quo
287 4043 443 4100 chalcidius
465 4043 491 4100 in
513 4043 579 4098 Tim.
606 4042 672 4100 Plat.
699 4059 727 4116 p.
752 4037 824 4101 115:
857 4042 946 4115 ,Quia
972 4043 1108 4102 imitantur
1134 4051 1256 4106 naturam

148 4163 195 4204 ars
212 4153 239 4204 et
255 4145 409 4222 disciplina,
432 4146 512 4204 ctiam
528 4147 607 4216 haec,
630 4162 698 4220 quae
720 4146 823 4204 artibus
840 4146 1003 4219 efficiuntur,
1025 4153 1087 4206 sunt
1102 4148 1255 4222 frequentia
