2912 4976
636 428 686 504 59

187 631 279 694 1615.
312 629 451 694 Invenies
472 629 542 706 iiiia,
564 628 616 709 qui
636 645 760 710 semper
778 627 859 692 scire
881 627 1027 704 laborent,

373 745 411 810 Et
431 745 540 828 quinus
562 750 610 806 est
629 743 754 826 mandis
774 761 876 827 poena
897 762 1004 808 carere
1023 743 1115 820 iibro;

312 863 389 927 Sunt
410 861 470 940 alii,
491 862 544 942 qni
563 863 608 926 sic
633 863 803 946 sapientum
824 861 937 942 scripta
958 860 1095 938 licentur,

395 979 433 1042 Ut
454 995 517 1041 non
538 979 696 1042 semissem
717 983 825 1041 cuncta
846 977 949 1040 valore
969 982 1085 1059 putent.

314 1095 405 1176 Legis
428 1099 576 1158 amatores
599 1094 691 1158 adeas
713 1098 744 1158 et
763 1094 876 1176 scripte
897 1092 1043 1173 colentes,

188 1213 279 1274 1650.
397 1209 514 1274 Contra
531 1227 668 1293 nugaces
689 1209 947 1290 nummicolasque
969 1227 1054 1272 cave.

314 1328 396 1402 Quas
418 1325 582 1390 contemnit
602 1345 679 1410 opes
695 1328 829 1409 sapiens,
846 1325 971 1390 admittit
987 1325 1025 1389 ad
1040 1342 1138 1404 usum,

398 1443 523 1519 Quaerit
548 1449 580 1506 et
604 1441 769 1522 interdum,
800 1459 864 1506 non
896 1447 994 1504 tamen
1023 1441 1138 1524 absque

837 1558 939 1624 modo.

313 1678 434 1740 Frustra
456 1677 574 1757 quaerit
595 1693 682 1759 opes,
706 1677 777 1756 quia
791 1693 854 1739 non
868 1676 1003 1754 satiatur,
1019 1693 1138 1754 avarus,

398 1793 551 1870 Quemvis,
562 1792 706 1874 quicquid
714 1791 958 1872 hebeteonieret
967 1793 1034 1874 ipse
1044 1792 1137 1856 Deus.

189 1910 279 1972 1655.
312 1908 457 1972 Nummus
472 1910 501 1972 ei
512 1909 596 1972 Deus
614 1913 670 1987 est,
682 1911 734 1990 qui
750 1927 872 1992 semper
889 1914 1010 1990 torquet
1025 1910 1139 1973 amicos

396 2026 434 2088 Et
452 2026 533 2090 solet
554 2032 708 2090 aeternam
728 2029 910 2108 perpetuare
931 2023 1049 2088 samem.

313 2141 414 2206 Gratia
435 2159 507 2206 rore
528 2160 585 2204 suo
608 2159 740 2206 nocuum
761 2142 916 2224 restringit
938 2159 1082 2218 amorem,

397 2257 459 2324 Sed
470 2257 610 2340 cupidam
621 2264 751 2320 mentem
762 2275 826 2322 non
837 2257 908 2322 iacit
923 2257 1038 2340 absque
1050 2257 1137 2320 same.

314 2373 422 2438 Omnia
437 2393 531 2456 posse
542 2375 638 2438 Deum
655 2381 758 2437 notum
774 2376 847 2438 satis
863 2381 919 2452 est,
935 2374 991 2437 sed
1007 2393 1139 2452 avarum,

190 2491 281 2555 1660.
400 2491 445 2556 Sit
465 2492 536 2554 lieet
558 2492 761 2574 omnipotens,
783 2508 846 2554 non
866 2492 977 2554 satime
998 2498 1107 2572 potest.

313 2607 449 2688 Nequius
469 2607 530 2672 hoc
549 2608 695 2685 utibilest,
719 2607 789 2688 quia
806 2606 878 2670 1111111
894 2607 990 2689 percit
1007 2608 1140 2689 agitque,

397 2722 434 2786 Ut
454 2724 495 2786 sit
515 2741 583 2787 cum
604 2723 729 2804 reliquis
750 2740 872 2807 semper
898 2728 928 2786 et
948 2725 1015 2806 ipse
1036 2726 1138 2788 miser.

315 2838 451 2921 Nequior
472 2845 519 2902 est
540 2840 615 2918 aliis,
637 2840 689 2921 qui
709 2839 812 2904 verbis
834 2837 930 2918 Gillia,
950 2839 1042 2902 rebus

397 2955 528 3034 Demea,
549 2956 724 3020 Flaminium
751 2956 836 3033 vivit,
858 2957 981 3036 agitque
1001 2955 1137 3020 Numam.

192 3071 281 3132 1665.
315 3071 455 3136 Tantalus
476 3080 523 3135 est
545 3079 651 3136 auctor
672 3069 800 3153 cupidis,
821 3078 868 3134 est
889 3079 995 3135 auctor
1016 3074 1114 3135 avaris

397 3189 608 3270 Perpetuoque
629 3187 678 3252 siti
699 3186 817 3271 deperit
836 3193 927 3268 atque
947 3186 1034 3250 ieme.

315 3304 455 3368 Invenies
476 3305 587 3368 laetum
607 3303 771 3381 Britonem,
792 3304 818 3366 si
840 3321 949 3366 caseus
971 3303 1058 3382 adsit,

399 3421 469 3483 Plus
490 3426 590 3484 tamen
612 3419 761 3484 interdum
783 3417 895 3500 gaudet
911 3418 1019 3482 adesse
1035 3419 1137 3482 libros.

315 3537 391 3600 Nam
412 3543 555 3619 quantum
576 3537 685 3618 patitur
706 3535 836 3598 Britonis
858 3540 964 3598 natura
984 3536 1138 3614 volendo,

192 3653 282 3715 1670.
399 3652 538 3734 Indulget
558 3651 665 3716 studiis
686 3651 929 3734 carminibusque
950 3658 1050 3730 vacet3

315 3768 526 3850 Dispensande
548 3769 656 3832 domus
679 3768 720 3830 illi
743 3769 904 3832 commissa
923 3769 1066 3849 resurgit,

398 3884 499 3964 Atque
521 3885 588 3948 mali
610 3886 730 3968 species
752 3885 813 3948 hoc
833 3885 975 3948 veniente
995 3883 1081 3966 fugit.

257 4064 1138 4133 Wlffltmmmmmflmmmmfflmmmmmmtmfl.tlffii

191 4131 1139 4194 mmmmmhwfflffimmLmffiffimstLWfflm

191 4199 588 4261 mfflLmffiffifflffl.

970 4285 989 4347 6
