2924 4974
617 474 661 552 13

535 580 736 588 --·—---—-·-

157 679 230 742 325.
265 677 378 742 Ordine
400 683 509 740 ennete
528 678 594 755 geri
615 675 794 759 praeseribit
813 675 1008 760 Philosophia
1111 679 1311 790 ffrffssmttfzgf:

346 794 385 858 Et
403 795 505 858 statuit
525 793 641 856 eunetis
661 793 752 857 rebus
773 795 875 856 inesse
896 793 1028 874 modum,
1112 823 1130 860 a
1153 821 1227 860 antee.
1245 821 1310 869 aaran.

265 909 1113 994 Ordineeunetadoeet,oausamquernodumquelegendi

347 1027 460 1107 indit,
482 1033 513 1090 et
532 1028 564 1090 in
585 1027 702 1090 eunetis
724 1027 836 1090 artibus
858 1027 935 1090 ordo
957 1028 1065 1110 placet.

265 1144 329 1207 Hae
349 1144 428 1208 duee
449 1145 546 1226 pm‘ma
561 1142 654 1207 rudes
670 1143 782 1206 adeunt
796 1143 944 1207 elementa
957 1143 1113 1226 loquendi,

158 1263 232 1326 330.
348 1260 488 1326 Proveeti
510 1259 654 1342 gradibus
675 1259 819 1342 dogmata
839 1278 978 1342 quaeque
998 1261 1112 1343 legunt.

266 1378 391 1456 Ordine,
411 1378 492 1458 iege,
513 1376 606 1442 modo
627 1375 784 1459 dispensat
802 1376 946 1459 dogmate
965 1378 1113 1461 prudensz

350 1494 463 1559 Oontra
483 1493 627 1576 nugifluis
648 1492 709 1572 lex,
730 1492 849 1573 modus,
871 1493 948 1558 ordo
970 1494 1056 1577 perit.

266 1611 426 1694 Nugiduus
446 1610 573 1674 verbum
593 1611 661 1674 sine
682 1615 820 1694 tempore
841 1610 938 1674 bundit
956 1612 1088 1696 ineptus,

348 1728 511 1808 Verbaque
520 1727 702 1810 prudentum
715 1726 855 1810 tactaque
865 1735 984 1810 tempus
993 1727 1114 1793 habent

160 1845 232 1908 335.
265 1844 313 1908 Na
333 1863 434 1923 erues,
454 1844 563 1908 sultam
584 1844 657 1926 quid
677 1843 782 1926 smgnt,
803 1845 914 1926 qrridre
934 1846 1086 1928 loquatru,

351 1960 444 2044 anrrs
467 1961 503 2024 ab
525 1961 648 2042 eloquio
669 1961 735 2024 laus
756 1961 808 2025 tibi
828 1962 911 2026 nulla
930 1963 1021 2027 venit

267 2077 299 2144 si
319 2078 439 2142 laudem
461 2083 575 2160 eaptas,
596 2077 715 2159 placeat
730 2079 782 2141 tibi
798 2078 858 2157 lex,
880 2079 1000 2159 modus,
1023 2079 1115 2144 ordo:

349 2194 402 2258 iiis
422 2195 490 2258 sine
511 2211 574 2256 non
595 2201 694 2257 exstat
714 2195 823 2276 gloria,
843 2196 892 2259 vel
912 2195 1014 2260 brevis
1035 2203 1090 2261 est

268 2311 383 2375 Ordine
405 2317 514 2375 euuota
534 2312 641 2394 vigent
661 2317 692 2373 et
712 2312 848 2394 gaudent
864 2311 937 2395 iege
953 2312 1117 2396 modoque,

163 2429 235 2493 340.
353 2429 439 2504 Ouae
460 2430 486 2492 si
509 2429 576 2510 quis
598 2429 696 2510 potuit
715 2447 873 2511 spernere,
891 2430 961 2512 jure
982 2431 1070 2512 perit

268 2543 421 2610 Ooniundi
442 2547 559 2624 meruit,
581 2563 672 2626 quem
692 2545 792 2607 nullus
812 2551 947 2608 eonhnat
968 2545 1055 2624 ordo,

352 2662 473 2744 Quique
488 2661 611 2726 modum
621 2663 730 2740 neseit,
751 2661 870 2743 deperit
883 2661 998 2750 absque
1014 2661 1116 2726 modo.

269 2779 366 2854 Onam
387 2778 439 2841 lex
457 2795 521 2841 non
544 2777 674 2857 cohibet,
696 2777 834 2842 dissolvit
853 2777 940 2860 eulpa
962 2777 1102 2859 solutum,

351 2895 385 2958 in
405 2894 484 2958 mala
504 2894 691 2977 praecipitat,
711 2895 971 2977 praeeipitemque
992 2902 1092 2959 necat.

164 3011 238 3074 345.
272 3010 357 3074 Ordo
379 3011 417 3074 sit
439 3029 516 3092 ergo
537 3012 626 3074 bonis
646 3009 777 3089 vivendi,
798 3012 898 3092 sitque
917 3009 1074 3092 loquendi,

352 3126 428 3190 Oum
439 3127 684 3209 linguamentem
695 3128 755 3205 lex,
766 3126 885 3206 modus,
908 3126 984 3190 ordo
997 3131 1118 3210 'regant

207 3295 211 3304 .
268 3245 405 3307 Forsitan
426 3244 587 3325 inquirent,
608 3251 745 3307 veterum
762 3243 835 3324 quid
851 3245 962 3326 seripta
978 3245 1119 3327 repellat3

350 3359 477 3442 Aeeipe,
498 3361 582 3442 quod
603 3360 675 3424 dioit
694 3362 784 3443 pusio
806 3361 871 3424 sire
893 3361 1051 3443 Tryphon:

269 3475 355 3556 ,Cur
375 3478 484 3558 procu}
505 3495 523 3539 a
544 3478 632 3541 nobis
654 3478 693 3540 sit
712 3485 831 3560 patrum
852 3483 936 3540 seeta
956 3479 1103 3560 priorum,
1119 3475 1320 3584 Βὶῖζξῑὶᾞ

163 3594 235 3656 350.
350 3593 515 3659 Abseivnm
534 3596 655 3676 paneis:
678 3600 726 3658 est
747 3609 878 3676 operosa
900 3593 1017 3656 nimis.“
1132 3557 1143 3595 Ρ
1209 3557 1220 3594 ⁹
1309 3575 1313 3584 ’

267 3708 359 3774 btuita
373 3711 482 3793 legunt
496 3718 529 3774 et
544 3711 636 3774 multa
653 3709 765 3773 docent
778 3708 1000 3792 prohibentque
1016 3711 1121 3794 vagari

352 3827 537 3910 Discipulos,
559 3832 670 3909 urgent
690 3828 780 3905 seire,
802 3827 852 3890 vei
873 3845 943 3890 esse
966 3826 1057 3905 dorni,

269 3942 387 4026 ingenii
408 3945 490 4008 vires
511 3950 651 4027 pensant,
672 3961 875 4026 mensuraque
897 3943 1013 4006 cunetis

351 4060 380 4122 Α
402 4060 530 4125 doetore
553 4059 640 4123 datur
660 4060 774 4122 viribus
796 4065 865 4142 apta
886 4061 959 4123 suis.

164 4177 234 4240 355.
268 4176 374 4240 Nullus
397 4177 535 4241 adulatur
556 4177 724 4253 doctorum,
746 4194 872 4239 munera
893 4175 994 4239 nulius

351 4294 462 4373 Donat,
484 4300 517 4356 ut
537 4293 656 4356 auditor
674 4293 753 4356 iilius
775 4310 845 4356 esse
866 4275 950 4356 velis.
985 4340 1037 4404 3*
