<?xml version="1.0" encoding="UTF-8"?>
<!DOCTYPE html PUBLIC "-//W3C//DTD XHTML 1.0 Transitional//EN"
    "http://www.w3.org/TR/xhtml1/DTD/xhtml1-transitional.dtd">
<html xmlns="http://www.w3.org/1999/xhtml" xml:lang="en" lang="en">
 <head>
  <title>
</title>
<meta http-equiv="Content-Type" content="text/html;charset=utf-8" />
  <meta name='ocr-system' content='tesseract 3.04.00' />
  <meta name='ocr-capabilities' content='ocr_page ocr_carea ocr_par ocr_line ocrx_word'/>
</head>
<body>
  <div class='ocr_page' id='page_1' title='image "./johannissaresbe00johngoog/johannissaresbe00johngoog_0093.png"; bbox 0 0 2912 4976; ppageno 0'>
   <div class='ocr_carea' id='block_1_1' title="bbox 697 477 892 592">
    <p class='ocr_par' dir='ltr' id='par_1_1' title="bbox 697 477 892 592">
     <span class='ocr_line' id='line_1_1' title="bbox 697 477 892 592; baseline -0.01 0"><span class='ocrx_word' id='word_1_1' title='bbox 697 477 892 592; x_wconf 49' lang='lat' dir='ltr'><strong>At..-</strong></span> 
     </span>
    </p>
   </div>
   <div class='ocr_carea' id='block_1_2' title="bbox 113 677 1262 4018">
    <p class='ocr_par' dir='ltr' id='par_1_2' title="bbox 113 677 1262 4018">
     <span class='ocr_line' id='line_1_2' title="bbox 113 677 1149 790; baseline -0.002 -47"><span class='ocrx_word' id='word_1_2' title='bbox 113 679 313 790; x_wconf 39' lang='lat' dir='ltr'><strong>meniwisin?</strong></span> <span class='ocrx_word' id='word_1_3' title='bbox 439 679 522 761; x_wconf 83' lang='lat' dir='ltr'><strong>Ergo</strong></span> <span class='ocrx_word' id='word_1_4' title='bbox 544 686 602 743; x_wconf 82' lang='lat' dir='ltr'><strong>taur</strong></span> <span class='ocrx_word' id='word_1_5' title='bbox 623 679 707 742; x_wconf 88' lang='lat' dir='ltr'><strong>saevi</strong></span> <span class='ocrx_word' id='word_1_6' title='bbox 729 697 788 762; x_wconf 87' lang='lat' dir='ltr'><strong>qua</strong></span> <span class='ocrx_word' id='word_1_7' title='bbox 808 685 938 762; x_wconf 87' lang='lat' dir='ltr'><strong>possunt</strong></span> <span class='ocrx_word' id='word_1_8' title='bbox 959 685 1023 742; x_wconf 89' lang='lat' dir='ltr'><strong>arte</strong></span> <span class='ocrx_word' id='word_1_9' title='bbox 1043 677 1149 761; x_wconf 80' lang='lat' dir='ltr'><strong>repelli</strong></span> 
     </span>
     <span class='ocr_line' id='line_1_3' title="bbox 519 795 1260 878; baseline -0.005 -18"><span class='ocrx_word' id='word_1_10' title='bbox 519 797 653 860; x_wconf 82' lang='lat' dir='ltr'><strong>Hostes?</strong></span> <span class='ocrx_word' id='word_1_11' title='bbox 681 803 732 861; x_wconf 86' lang='lat' dir='ltr'><strong>eut</strong></span> <span class='ocrx_word' id='word_1_12' title='bbox 758 795 830 878; x_wconf 87' lang='lat' dir='ltr'><strong>quid</strong></span> <span class='ocrx_word' id='word_1_13' title='bbox 857 813 913 859; x_wconf 86' lang='lat' dir='ltr'><strong>eos</strong></span> <span class='ocrx_word' id='word_1_14' title='bbox 935 797 1018 877; x_wconf 80' lang='lat' dir='ltr'><strong>cogit</strong></span> <span class='ocrx_word' id='word_1_15' title='bbox 1038 796 1115 858; x_wconf 86' lang='lat' dir='ltr'><strong>inire</strong></span> <span class='ocrx_word' id='word_1_16' title='bbox 1137 795 1260 877; x_wconf 81' lang='lat' dir='ltr'><strong>fugam?</strong></span> 
     </span>
     <span class='ocr_line' id='line_1_4' title="bbox 438 911 1236 994; baseline -0.008 -16"><span class='ocrx_word' id='word_1_17' title='bbox 438 913 470 978; x_wconf 88' lang='lat' dir='ltr'><strong>Si</strong></span> <span class='ocrx_word' id='word_1_18' title='bbox 492 915 583 976; x_wconf 89' lang='lat' dir='ltr'><strong>timor</strong></span> <span class='ocrx_word' id='word_1_19' title='bbox 604 919 672 978; x_wconf 86' lang='lat' dir='ltr'><strong>ante</strong></span> <span class='ocrx_word' id='word_1_20' title='bbox 694 913 789 991; x_wconf 85' lang='lat' dir='ltr'><strong>iores,</strong></span> <span class='ocrx_word' id='word_1_21' title='bbox 810 917 841 975; x_wconf 88' lang='lat' dir='ltr'><strong>ct</strong></span> <span class='ocrx_word' id='word_1_22' title='bbox 861 911 888 975; x_wconf 89' lang='lat' dir='ltr'><strong>si</strong></span> <span class='ocrx_word' id='word_1_23' title='bbox 908 911 1011 994; x_wconf 87' lang='lat' dir='ltr'><strong>pudor</strong></span> <span class='ocrx_word' id='word_1_24' title='bbox 1031 913 1105 974; x_wconf 85' lang='lat' dir='ltr'><strong>atria</strong></span> <span class='ocrx_word' id='word_1_25' title='bbox 1126 918 1236 988; x_wconf 86' lang='lat' dir='ltr'><strong>servet,</strong></span> 
     </span>
     <span class='ocr_line' id='line_1_5' title="bbox 520 1029 1114 1105; baseline -0.01 -11"><span class='ocrx_word' id='word_1_26' title='bbox 520 1029 558 1094; x_wconf 88' lang='lat' dir='ltr'><strong>Et</strong></span> <span class='ocrx_word' id='word_1_27' title='bbox 577 1031 603 1094; x_wconf 87' lang='lat' dir='ltr'><strong>si</strong></span> <span class='ocrx_word' id='word_1_28' title='bbox 626 1036 727 1093; x_wconf 85' lang='lat' dir='ltr'><strong>castus</strong></span> <span class='ocrx_word' id='word_1_29' title='bbox 750 1045 834 1092; x_wconf 84' lang='lat' dir='ltr'><strong>umor</strong></span> <span class='ocrx_word' id='word_1_30' title='bbox 854 1029 999 1090; x_wconf 86' lang='lat' dir='ltr'><strong>interiora</strong></span> <span class='ocrx_word' id='word_1_31' title='bbox 1020 1033 1114 1105; x_wconf 87' lang='lat' dir='ltr'><strong>tenet,</strong></span> 
     </span>
     <span class='ocr_line' id='line_1_6' title="bbox 317 1143 1159 1228; baseline -0.007 -18"><span class='ocrx_word' id='word_1_32' title='bbox 317 1145 404 1210; x_wconf 81' lang='lat'><strong>1785.</strong></span> <span class='ocrx_word' id='word_1_33' title='bbox 436 1145 555 1210; x_wconf 84' lang='lat' dir='ltr'><strong>Devitat</strong></span> <span class='ocrx_word' id='word_1_34' title='bbox 573 1163 696 1228; x_wconf 87' lang='lat' dir='ltr'><strong>poenam</strong></span> <span class='ocrx_word' id='word_1_35' title='bbox 716 1147 807 1208; x_wconf 88' lang='lat' dir='ltr'><strong>timor</strong></span> <span class='ocrx_word' id='word_1_36' title='bbox 829 1143 985 1208; x_wconf 86' lang='lat' dir='ltr'><strong>officiosus</strong></span> <span class='ocrx_word' id='word_1_37' title='bbox 1007 1149 1037 1206; x_wconf 89' lang='lat' dir='ltr'><strong>et</strong></span> <span class='ocrx_word' id='word_1_38' title='bbox 1059 1159 1159 1221; x_wconf 88' lang='lat' dir='ltr'><strong>omne,</strong></span> 
     </span>
     <span class='ocr_line' id='line_1_7' title="bbox 520 1261 1259 1346; baseline -0.007 -20"><span class='ocrx_word' id='word_1_39' title='bbox 520 1261 621 1342; x_wconf 82' lang='lat' dir='ltr'><strong>Quod,</strong></span> <span class='ocrx_word' id='word_1_40' title='bbox 642 1263 700 1326; x_wconf 89' lang='lat' dir='ltr'><strong>nisi</strong></span> <span class='ocrx_word' id='word_1_41' title='bbox 716 1267 908 1346; x_wconf 77' lang='lat' dir='ltr'>praecaveat,</span> <span class='ocrx_word' id='word_1_42' title='bbox 928 1277 1023 1342; x_wconf 91' lang='lat' dir='ltr'><strong>possc</strong></span> <span class='ocrx_word' id='word_1_43' title='bbox 1038 1277 1154 1322; x_wconf 89' lang='lat' dir='ltr'><strong>nocere</strong></span> <span class='ocrx_word' id='word_1_44' title='bbox 1169 1265 1259 1341; x_wconf 91' lang='lat' dir='ltr'><strong>putat.</strong></span> 
     </span>
     <span class='ocr_line' id='line_1_8' title="bbox 436 1375 1262 1461; baseline -0.006 -19"><span class='ocrx_word' id='word_1_45' title='bbox 436 1377 572 1442; x_wconf 86' lang='lat' dir='ltr'><strong>Nominis</strong></span> <span class='ocrx_word' id='word_1_46' title='bbox 582 1379 734 1461; x_wconf 83' lang='lat' dir='ltr'><strong>ingenuus</strong></span> <span class='ocrx_word' id='word_1_47' title='bbox 755 1377 901 1441; x_wconf 76' lang='lat' dir='ltr'><strong>maculam</strong></span> <span class='ocrx_word' id='word_1_48' title='bbox 921 1376 1024 1458; x_wconf 89' lang='lat' dir='ltr'><strong>pudor</strong></span> <span class='ocrx_word' id='word_1_49' title='bbox 1035 1381 1128 1454; x_wconf 87' lang='lat' dir='ltr'><strong>arcet,</strong></span> <span class='ocrx_word' id='word_1_50' title='bbox 1150 1375 1262 1438; x_wconf 89' lang='lat' dir='ltr'><strong>odores</strong></span> 
     </span>
     <span class='ocr_line' id='line_1_9' title="bbox 519 1491 1260 1577; baseline -0.007 -18"><span class='ocrx_word' id='word_1_51' title='bbox 519 1493 641 1577; x_wconf 80' lang='lat' dir='ltr'><strong>spargit</strong></span> <span class='ocrx_word' id='word_1_52' title='bbox 661 1494 773 1575; x_wconf 89' lang='lat' dir='ltr'><strong>ubique</strong></span> <span class='ocrx_word' id='word_1_53' title='bbox 793 1493 904 1572; x_wconf 87' lang='lat' dir='ltr'><strong>bonos,</strong></span> <span class='ocrx_word' id='word_1_54' title='bbox 926 1491 1007 1556; x_wconf 87' lang='lat' dir='ltr'><strong>unde</strong></span> <span class='ocrx_word' id='word_1_55' title='bbox 1023 1493 1146 1574; x_wconf 89' lang='lat' dir='ltr'><strong>placere</strong></span> <span class='ocrx_word' id='word_1_56' title='bbox 1163 1499 1260 1574; x_wconf 84' lang='lat' dir='ltr'><strong>queat.</strong></span> 
     </span>
     <span class='ocr_line' id='line_1_10' title="bbox 436 1607 1261 1692; baseline -0.004 -18"><span class='ocrx_word' id='word_1_57' title='bbox 436 1609 544 1674; x_wconf 87' lang='lat' dir='ltr'><strong>Castus</strong></span> <span class='ocrx_word' id='word_1_58' title='bbox 560 1629 645 1674; x_wconf 87' lang='lat' dir='ltr'><strong>amor</strong></span> <span class='ocrx_word' id='word_1_59' title='bbox 659 1612 751 1675; x_wconf 86' lang='lat' dir='ltr'><strong>rebus</strong></span> <span class='ocrx_word' id='word_1_60' title='bbox 769 1611 815 1674; x_wconf 89' lang='lat' dir='ltr'><strong>sic</strong></span> <span class='ocrx_word' id='word_1_61' title='bbox 830 1627 952 1692; x_wconf 84' lang='lat' dir='ltr'><strong>semper</strong></span> <span class='ocrx_word' id='word_1_62' title='bbox 963 1609 1107 1672; x_wconf 86' lang='lat' dir='ltr'><strong>adhaeret</strong></span> <span class='ocrx_word' id='word_1_63' title='bbox 1116 1607 1261 1685; x_wconf 85' lang='lat' dir='ltr'><strong>honestis,</strong></span> 
     </span>
     <span class='ocr_line' id='line_1_11' title="bbox 315 1725 1200 1809; baseline -0.002 -21"><span class='ocrx_word' id='word_1_64' title='bbox 315 1725 403 1790; x_wconf 82' lang='lat'><strong>1790.</strong></span> <span class='ocrx_word' id='word_1_65' title='bbox 520 1727 610 1802; x_wconf 81' lang='lat' dir='ltr'><strong>Quod</strong></span> <span class='ocrx_word' id='word_1_66' title='bbox 631 1745 690 1791; x_wconf 89' lang='lat' dir='ltr'><strong>nec</strong></span> <span class='ocrx_word' id='word_1_67' title='bbox 711 1729 757 1790; x_wconf 91' lang='lat' dir='ltr'><strong>vis</strong></span> <span class='ocrx_word' id='word_1_68' title='bbox 779 1727 876 1809; x_wconf 88' lang='lat' dir='ltr'><strong>major</strong></span> <span class='ocrx_word' id='word_1_69' title='bbox 898 1725 1064 1788; x_wconf 78' lang='lat' dir='ltr'><strong>dissociare</strong></span> <span class='ocrx_word' id='word_1_70' title='bbox 1086 1731 1200 1807; x_wconf 84' lang='lat' dir='ltr'><strong>potcst3</strong></span> 
     </span>
     <span class='ocr_line' id='line_1_12' title="bbox 436 1841 1175 1921; baseline -0.003 -15"><span class='ocrx_word' id='word_1_71' title='bbox 436 1843 569 1906; x_wconf 78' lang='lat' dir='ltr'><strong>Virtutes</strong></span> <span class='ocrx_word' id='word_1_72' title='bbox 590 1843 671 1906; x_wconf 88' lang='lat' dir='ltr'><strong>locat</strong></span> <span class='ocrx_word' id='word_1_73' title='bbox 691 1845 723 1907; x_wconf 90' lang='lat' dir='ltr'><strong>iu</strong></span> <span class='ocrx_word' id='word_1_74' title='bbox 745 1843 861 1921; x_wconf 85' lang='lat' dir='ltr'><strong>castris,</strong></span> <span class='ocrx_word' id='word_1_75' title='bbox 883 1843 929 1904; x_wconf 92' lang='lat' dir='ltr'><strong>sic</strong></span> <span class='ocrx_word' id='word_1_76' title='bbox 950 1841 1050 1904; x_wconf 87' lang='lat' dir='ltr'><strong>omnia</strong></span> <span class='ocrx_word' id='word_1_77' title='bbox 1072 1843 1175 1921; x_wconf 86' lang='lat' dir='ltr'><strong>munit,</strong></span> 
     </span>
     <span class='ocr_line' id='line_1_13' title="bbox 519 1957 1194 2042; baseline -0.001 -20"><span class='ocrx_word' id='word_1_78' title='bbox 519 1959 555 2022; x_wconf 89' lang='lat' dir='ltr'><strong>Ut</strong></span> <span class='ocrx_word' id='word_1_79' title='bbox 576 1959 689 2022; x_wconf 87' lang='lat' dir='ltr'><strong>nullum</strong></span> <span class='ocrx_word' id='word_1_80' title='bbox 710 1960 810 2042; x_wconf 89' lang='lat' dir='ltr'><strong>possit</strong></span> <span class='ocrx_word' id='word_1_81' title='bbox 830 1958 926 2021; x_wconf 87' lang='lat' dir='ltr'><strong>hostis</strong></span> <span class='ocrx_word' id='word_1_82' title='bbox 948 1957 1062 2020; x_wconf 85' lang='lat' dir='ltr'><strong>habere</strong></span> <span class='ocrx_word' id='word_1_83' title='bbox 1083 1957 1194 2022; x_wconf 89' lang='lat' dir='ltr'><strong>locum.</strong></span> 
     </span>
     <span class='ocr_line' id='line_1_14' title="bbox 437 2071 1261 2155; baseline -0.005 -15"><span class='ocrx_word' id='word_1_84' title='bbox 437 2074 498 2140; x_wconf 88' lang='lat' dir='ltr'><strong>Sed</strong></span> <span class='ocrx_word' id='word_1_85' title='bbox 519 2075 609 2139; x_wconf 88' lang='lat' dir='ltr'><strong>timor</strong></span> <span class='ocrx_word' id='word_1_86' title='bbox 629 2077 660 2139; x_wconf 90' lang='lat' dir='ltr'><strong>in</strong></span> <span class='ocrx_word' id='word_1_87' title='bbox 681 2093 788 2155; x_wconf 84' lang='lat' dir='ltr'><strong>seruo,</strong></span> <span class='ocrx_word' id='word_1_88' title='bbox 815 2073 916 2138; x_wconf 87' lang='lat' dir='ltr'><strong>vulcat</strong></span> <span class='ocrx_word' id='word_1_89' title='bbox 936 2071 1007 2137; x_wconf 89' lang='lat' dir='ltr'><strong>dum</strong></span> <span class='ocrx_word' id='word_1_90' title='bbox 1028 2091 1130 2154; x_wconf 87' lang='lat' dir='ltr'><strong>poena</strong></span> <span class='ocrx_word' id='word_1_91' title='bbox 1152 2077 1261 2152; x_wconf 86' lang='lat' dir='ltr'><strong>caveri,</strong></span> 
     </span>
     <span class='ocr_line' id='line_1_15' title="bbox 519 2189 1261 2273; baseline -0.003 -19"><span class='ocrx_word' id='word_1_92' title='bbox 519 2190 567 2254; x_wconf 77' lang='lat' dir='ltr'><strong>Ad</strong></span> <span class='ocrx_word' id='word_1_93' title='bbox 588 2191 706 2254; x_wconf 80' lang='lat' dir='ltr'><strong>facilem</strong></span> <span class='ocrx_word' id='word_1_94' title='bbox 721 2197 879 2273; x_wconf 83' lang='lat' dir='ltr'><strong>quaestum</strong></span> <span class='ocrx_word' id='word_1_95' title='bbox 895 2189 985 2253; x_wconf 85' lang='lat' dir='ltr'><strong>cedet</strong></span> <span class='ocrx_word' id='word_1_96' title='bbox 1001 2191 1119 2270; x_wconf 86' lang='lat' dir='ltr'><strong>eritque</strong></span> <span class='ocrx_word' id='word_1_97' title='bbox 1136 2209 1261 2268; x_wconf 87' lang='lat' dir='ltr'><strong>nocens,</strong></span> 
     </span>
     <span class='ocr_line' id='line_1_16' title="bbox 316 2305 1168 2389; baseline -0.006 -17"><span class='ocrx_word' id='word_1_98' title='bbox 316 2310 402 2373; x_wconf 81' lang='lat'><strong>1795.</strong></span> <span class='ocrx_word' id='word_1_99' title='bbox 435 2309 472 2372; x_wconf 85' lang='lat' dir='ltr'><strong>Et</strong></span> <span class='ocrx_word' id='word_1_100' title='bbox 491 2308 588 2371; x_wconf 80' lang='lat' dir='ltr'><strong>famae</strong></span> <span class='ocrx_word' id='word_1_101' title='bbox 611 2314 724 2387; x_wconf 90' lang='lat' dir='ltr'><strong>custos,</strong></span> <span class='ocrx_word' id='word_1_102' title='bbox 746 2308 816 2370; x_wconf 92' lang='lat' dir='ltr'><strong>dum</strong></span> <span class='ocrx_word' id='word_1_103' title='bbox 837 2307 935 2389; x_wconf 85' lang='lat' dir='ltr'><strong>possit</strong></span> <span class='ocrx_word' id='word_1_104' title='bbox 956 2307 1045 2388; x_wconf 86' lang='lat' dir='ltr'><strong>culpa</strong></span> <span class='ocrx_word' id='word_1_105' title='bbox 1065 2305 1168 2384; x_wconf 87' lang='lat' dir='ltr'><strong>latere,</strong></span> 
     </span>
     <span class='ocr_line' id='line_1_17' title="bbox 520 2421 1178 2504; baseline -0.008 -16"><span class='ocrx_word' id='word_1_106' title='bbox 520 2423 677 2488; x_wconf 76' lang='lat' dir='ltr'><strong>Consumit</strong></span> <span class='ocrx_word' id='word_1_107' title='bbox 697 2424 776 2486; x_wconf 88' lang='lat' dir='ltr'><strong>vitiis</strong></span> <span class='ocrx_word' id='word_1_108' title='bbox 799 2423 914 2504; x_wconf 86' lang='lat' dir='ltr'><strong>absque</strong></span> <span class='ocrx_word' id='word_1_109' title='bbox 934 2422 1048 2485; x_wconf 88' lang='lat' dir='ltr'><strong>rubore</strong></span> <span class='ocrx_word' id='word_1_110' title='bbox 1069 2421 1178 2504; x_wconf 90' lang='lat' dir='ltr'><strong>pudor.</strong></span> 
     </span>
     <span class='ocr_line' id='line_1_18' title="bbox 435 2538 1225 2620; baseline -0.003 -18"><span class='ocrx_word' id='word_1_111' title='bbox 435 2539 503 2602; x_wconf 87' lang='lat' dir='ltr'><strong>Nun</strong></span> <span class='ocrx_word' id='word_1_112' title='bbox 525 2541 571 2604; x_wconf 87' lang='lat' dir='ltr'><strong>sic</strong></span> <span class='ocrx_word' id='word_1_113' title='bbox 592 2559 683 2604; x_wconf 86' lang='lat' dir='ltr'><strong>verus</strong></span> <span class='ocrx_word' id='word_1_114' title='bbox 706 2557 800 2617; x_wconf 86' lang='lat' dir='ltr'><strong>amor,</strong></span> <span class='ocrx_word' id='word_1_115' title='bbox 822 2538 872 2620; x_wconf 89' lang='lat' dir='ltr'><strong>qui</strong></span> <span class='ocrx_word' id='word_1_116' title='bbox 896 2557 969 2602; x_wconf 90' lang='lat' dir='ltr'><strong>casu</strong></span> <span class='ocrx_word' id='word_1_117' title='bbox 990 2538 1068 2602; x_wconf 84' lang='lat' dir='ltr'><strong>fidus</strong></span> <span class='ocrx_word' id='word_1_118' title='bbox 1090 2539 1121 2600; x_wconf 88' lang='lat' dir='ltr'><strong>in</strong></span> <span class='ocrx_word' id='word_1_119' title='bbox 1144 2539 1225 2600; x_wconf 89' lang='lat' dir='ltr'><strong>omni</strong></span> 
     </span>
     <span class='ocr_line' id='line_1_19' title="bbox 520 2654 1130 2738; baseline -0.007 -18"><span class='ocrx_word' id='word_1_120' title='bbox 520 2657 666 2720; x_wconf 78' lang='lat' dir='ltr'><strong>Virtutem</strong></span> <span class='ocrx_word' id='word_1_121' title='bbox 688 2656 784 2719; x_wconf 87' lang='lat' dir='ltr'><strong>solam</strong></span> <span class='ocrx_word' id='word_1_122' title='bbox 806 2654 919 2738; x_wconf 84' lang='lat' dir='ltr'><strong>gaudet</strong></span> <span class='ocrx_word' id='word_1_123' title='bbox 940 2655 1043 2717; x_wconf 86' lang='lat' dir='ltr'><strong>inesse</strong></span> <span class='ocrx_word' id='word_1_124' title='bbox 1064 2654 1130 2717; x_wconf 91' lang='lat' dir='ltr'><strong>sibi.</strong></span> 
     </span>
     <span class='ocr_line' id='line_1_20' title="bbox 437 2772 1210 2854; baseline -0.005 -18"><span class='ocrx_word' id='word_1_125' title='bbox 437 2773 484 2837; x_wconf 87' lang='lat' dir='ltr'><strong>Ob</strong></span> <span class='ocrx_word' id='word_1_126' title='bbox 506 2791 614 2836; x_wconf 88' lang='lat' dir='ltr'><strong>causus</strong></span> <span class='ocrx_word' id='word_1_127' title='bbox 635 2773 734 2836; x_wconf 89' lang='lat' dir='ltr'><strong>varias</strong></span> <span class='ocrx_word' id='word_1_128' title='bbox 756 2777 943 2854; x_wconf 85' lang='lat' dir='ltr'><strong>quaeruntur</strong></span> <span class='ocrx_word' id='word_1_129' title='bbox 964 2777 1094 2850; x_wconf 85' lang='lat' dir='ltr'><strong>caetera,</strong></span> <span class='ocrx_word' id='word_1_130' title='bbox 1116 2772 1210 2833; x_wconf 86' lang='lat' dir='ltr'><strong>virtus</strong></span> 
     </span>
     <span class='ocr_line' id='line_1_21' title="bbox 316 2887 1215 2971; baseline -0.004 -19"><span class='ocrx_word' id='word_1_131' title='bbox 316 2890 404 2952; x_wconf 82' lang='lat'>1800.</span> <span class='ocrx_word' id='word_1_132' title='bbox 522 2887 562 2952; x_wconf 89' lang='lat' dir='ltr'><strong>Sc</strong></span> <span class='ocrx_word' id='word_1_133' title='bbox 585 2893 726 2953; x_wconf 87' lang='lat' dir='ltr'><strong>contenta</strong></span> <span class='ocrx_word' id='word_1_134' title='bbox 748 2889 795 2952; x_wconf 89' lang='lat' dir='ltr'><strong>sui</strong></span> <span class='ocrx_word' id='word_1_135' title='bbox 816 2889 952 2971; x_wconf 86' lang='lat' dir='ltr'><strong>praemia</strong></span> <span class='ocrx_word' id='word_1_136' title='bbox 973 2905 1096 2970; x_wconf 88' lang='lat' dir='ltr'><strong>semper</strong></span> <span class='ocrx_word' id='word_1_137' title='bbox 1116 2887 1215 2966; x_wconf 87' lang='lat' dir='ltr'><strong>habet,</strong></span> 
     </span>
     <span class='ocr_line' id='line_1_22' title="bbox 437 3001 1145 3080; baseline -0.004 -12"><span class='ocrx_word' id='word_1_138' title='bbox 437 3003 545 3068; x_wconf 86' lang='lat' dir='ltr'><strong>Omnia</strong></span> <span class='ocrx_word' id='word_1_139' title='bbox 566 3005 666 3068; x_wconf 89' lang='lat' dir='ltr'><strong>virtuti</strong></span> <span class='ocrx_word' id='word_1_140' title='bbox 688 3005 787 3068; x_wconf 81' lang='lat' dir='ltr'><strong>fatalia</strong></span> <span class='ocrx_word' id='word_1_141' title='bbox 810 3002 969 3067; x_wconf 86' lang='lat' dir='ltr'><strong>commoda</strong></span> <span class='ocrx_word' id='word_1_142' title='bbox 992 3003 1112 3080; x_wconf 82' lang='lat' dir='ltr'><strong>cedunt,</strong></span> <span class='ocrx_word' id='word_1_143' title='bbox 1143 3001 1145 3006; x_wconf 81' lang='grc'><strong>’</strong></span> 
     </span>
     <span class='ocr_line' id='line_1_23' title="bbox 519 3120 1108 3201; baseline -0.003 -18"><span class='ocrx_word' id='word_1_144' title='bbox 519 3121 642 3184; x_wconf 86' lang='lat' dir='ltr'><strong>Virtutis</strong></span> <span class='ocrx_word' id='word_1_145' title='bbox 664 3121 779 3184; x_wconf 79' lang='lat' dir='ltr'><strong>fructus</strong></span> <span class='ocrx_word' id='word_1_146' title='bbox 802 3127 848 3184; x_wconf 88' lang='lat' dir='ltr'><strong>cst</strong></span> <span class='ocrx_word' id='word_1_147' title='bbox 868 3120 899 3182; x_wconf 91' lang='lat' dir='ltr'><strong>iu</strong></span> <span class='ocrx_word' id='word_1_148' title='bbox 921 3138 1025 3182; x_wconf 85' lang='lat' dir='ltr'><strong>amore</strong></span> <span class='ocrx_word' id='word_1_149' title='bbox 1046 3120 1108 3201; x_wconf 91' lang='lat' dir='ltr'><strong>pio.</strong></span> 
     </span>
     <span class='ocr_line' id='line_1_24' title="bbox 436 3237 1157 3319; baseline -0.007 -17"><span class='ocrx_word' id='word_1_150' title='bbox 436 3238 521 3302; x_wconf 87' lang='lat' dir='ltr'><strong>Sicut</strong></span> <span class='ocrx_word' id='word_1_151' title='bbox 541 3243 623 3300; x_wconf 86' lang='lat' dir='ltr'><strong>casta</strong></span> <span class='ocrx_word' id='word_1_152' title='bbox 645 3237 735 3300; x_wconf 85' lang='lat' dir='ltr'><strong>fidem</strong></span> <span class='ocrx_word' id='word_1_153' title='bbox 756 3238 883 3319; x_wconf 89' lang='lat' dir='ltr'><strong>cupiens</strong></span> <span class='ocrx_word' id='word_1_154' title='bbox 904 3255 1030 3300; x_wconf 85' lang='lat' dir='ltr'><strong>servare</strong></span> <span class='ocrx_word' id='word_1_155' title='bbox 1051 3237 1157 3297; x_wconf 89' lang='lat' dir='ltr'><strong>marito</strong></span> 
     </span>
     <span class='ocr_line' id='line_1_25' title="bbox 520 3351 1127 3437; baseline -0.008 -20"><span class='ocrx_word' id='word_1_156' title='bbox 520 3352 662 3437; x_wconf 84' lang='lat' dir='ltr'><strong>Conjunx</strong></span> <span class='ocrx_word' id='word_1_157' title='bbox 683 3354 813 3417; x_wconf 87' lang='lat' dir='ltr'><strong>declinat</strong></span> <span class='ocrx_word' id='word_1_158' title='bbox 833 3357 865 3415; x_wconf 87' lang='lat' dir='ltr'><strong>et</strong></span> <span class='ocrx_word' id='word_1_159' title='bbox 885 3352 1020 3416; x_wconf 87' lang='lat' dir='ltr'><strong>studiosa</strong></span> <span class='ocrx_word' id='word_1_160' title='bbox 1041 3351 1127 3433; x_wconf 81' lang='lat' dir='ltr'><strong>fugit,</strong></span> 
     </span>
     <span class='ocr_line' id='line_1_26' title="bbox 315 3468 1193 3552; baseline -0.006 -18"><span class='ocrx_word' id='word_1_161' title='bbox 315 3472 403 3534; x_wconf 76' lang='lat'>1805.</span> <span class='ocrx_word' id='word_1_162' title='bbox 436 3469 482 3534; x_wconf 88' lang='lat' dir='ltr'><strong>Ne</strong></span> <span class='ocrx_word' id='word_1_163' title='bbox 504 3471 674 3552; x_wconf 83' lang='lat' dir='ltr'><strong>corruptori</strong></span> <span class='ocrx_word' id='word_1_164' title='bbox 697 3477 797 3552; x_wconf 89' lang='lat' dir='ltr'><strong>pateat</strong></span> <span class='ocrx_word' id='word_1_165' title='bbox 818 3469 905 3532; x_wconf 87' lang='lat' dir='ltr'><strong>locus</strong></span> <span class='ocrx_word' id='word_1_166' title='bbox 927 3469 1005 3531; x_wconf 89' lang='lat' dir='ltr'><strong>ullus</strong></span> <span class='ocrx_word' id='word_1_167' title='bbox 1028 3468 1193 3550; x_wconf 83' lang='lat' dir='ltr'><strong>adipsum,</strong></span> 
     </span>
     <span class='ocr_line' id='line_1_27' title="bbox 519 3585 1194 3670; baseline -0.007 -21"><span class='ocrx_word' id='word_1_168' title='bbox 519 3587 694 3670; x_wconf 81' lang='lat' dir='ltr'><strong>Aspcctum,</strong></span> <span class='ocrx_word' id='word_1_169' title='bbox 715 3587 805 3663; x_wconf 90' lang='lat' dir='ltr'><strong>risus,</strong></span> <span class='ocrx_word' id='word_1_170' title='bbox 826 3602 961 3663; x_wconf 82' lang='lat' dir='ltr'><strong>uruucra,</strong></span> <span class='ocrx_word' id='word_1_171' title='bbox 982 3585 1085 3662; x_wconf 86' lang='lat' dir='ltr'><strong>verba,</strong></span> <span class='ocrx_word' id='word_1_172' title='bbox 1102 3585 1194 3666; x_wconf 87' lang='lat' dir='ltr'><strong>jocos</strong></span> 
     </span>
     <span class='ocr_line' id='line_1_28' title="bbox 437 3699 1262 3782; baseline -0.01 -15"><span class='ocrx_word' id='word_1_173' title='bbox 437 3703 658 3782; x_wconf 75' lang='lat' dir='ltr'><strong>Contemnerm,</strong></span> <span class='ocrx_word' id='word_1_174' title='bbox 697 3705 832 3767; x_wconf 86' lang='lat' dir='ltr'><strong>meritum</strong></span> <span class='ocrx_word' id='word_1_175' title='bbox 865 3709 895 3766; x_wconf 92' lang='lat' dir='ltr'><strong>et</strong></span> <span class='ocrx_word' id='word_1_176' title='bbox 928 3719 1039 3764; x_wconf 89' lang='lat' dir='ltr'><strong>nomen</strong></span> <span class='ocrx_word' id='word_1_177' title='bbox 1074 3699 1262 3762; x_wconf 82' lang='lat' dir='ltr'><strong>moechantis</strong></span> 
     </span>
     <span class='ocr_line' id='line_1_29' title="bbox 957 3817 1111 3880; baseline -0.013 0"><span class='ocrx_word' id='word_1_178' title='bbox 957 3817 1111 3880; x_wconf 84' lang='lat' dir='ltr'><strong>abhorret:</strong></span> 
     </span>
     <span class='ocr_line' id='line_1_30' title="bbox 450 3919 1261 4018; baseline -0.012 -17"><span class='ocrx_word' id='word_1_179' title='bbox 450 3919 453 3924; x_wconf 37' lang='lat'><em>¹</em></span> <span class='ocrx_word' id='word_1_180' title='bbox 521 3937 571 4001; x_wconf 87' lang='lat' dir='ltr'><strong>Sic</strong></span> <span class='ocrx_word' id='word_1_181' title='bbox 593 3955 713 3999; x_wconf 80' lang='lat' dir='ltr'><strong>ornnem</strong></span> <span class='ocrx_word' id='word_1_182' title='bbox 736 3937 854 4018; x_wconf 89' lang='lat' dir='ltr'><strong>culpam</strong></span> <span class='ocrx_word' id='word_1_183' title='bbox 869 3942 991 3998; x_wconf 88' lang='lat' dir='ltr'><strong>sauctus</strong></span> <span class='ocrx_word' id='word_1_184' title='bbox 1010 3933 1152 3996; x_wconf 87' lang='lat' dir='ltr'><strong>abhorret</strong></span> <span class='ocrx_word' id='word_1_185' title='bbox 1168 3948 1261 3993; x_wconf 88' lang='lat' dir='ltr'><strong>amor.</strong></span> 
     </span>
    </p>
   </div>
   <div class='ocr_carea' id='block_1_3' title="bbox 377 4236 1040 4302">
    <p class='ocr_par' dir='ltr' id='par_1_3' title="bbox 377 4236 1040 4302">
     <span class='ocr_line' id='line_1_31' title="bbox 377 4236 1040 4302; baseline -0.011 -10"><span class='ocrx_word' id='word_1_186' title='bbox 377 4241 409 4292; x_wconf 88' lang='lat' dir='ltr'><strong>V.</strong></span> <span class='ocrx_word' id='word_1_187' title='bbox 430 4236 502 4290; x_wconf 80' lang='lat' dir='ltr'><strong>rtur.</strong></span> <span class='ocrx_word' id='word_1_188' title='bbox 520 4236 584 4302; x_wconf 73' lang='lat' dir='ltr'><strong>Arg.</strong></span> <span class='ocrx_word' id='word_1_189' title='bbox 603 4239 672 4289; x_wconf 88' lang='lat' dir='ltr'><strong>obst.</strong></span> <span class='ocrx_word' id='word_1_190' title='bbox 692 4238 736 4290; x_wconf 84' lang='lat' dir='ltr'><strong>uit.</strong></span> <span class='ocrx_word' id='word_1_191' title='bbox 754 4238 809 4298; x_wconf 84' lang='lat' dir='ltr'><strong>Lm,</strong></span> <span class='ocrx_word' id='word_1_192' title='bbox 829 4238 873 4287; x_wconf 82' lang='lat' dir='ltr'><strong>uit.</strong></span> <span class='ocrx_word' id='word_1_193' title='bbox 892 4237 960 4287; x_wconf 84' lang='lat' dir='ltr'><strong>obst.</strong></span> <span class='ocrx_word' id='word_1_194' title='bbox 978 4237 1040 4287; x_wconf 85' lang='lat' dir='ltr'><strong>Hm.</strong></span> 
     </span>
    </p>
   </div>
   <div class='ocr_carea' id='block_1_4' title="bbox 0 0 1460 4976">
    <p class='ocr_par' dir='ltr' id='par_1_4' title="bbox 0 0 1460 4976">
     <span class='ocr_line' id='line_1_32' title="bbox 0 0 1460 4976; baseline 0 0"><span class='ocrx_word' id='word_1_195' title='bbox 0 0 1460 4976; x_wconf 95' lang='lat' dir='ltr'><strong> </strong></span> 
     </span>
    </p>
   </div>
  </div>
 </body>
</html>
