<?xml version="1.0" encoding="UTF-8"?>
<!DOCTYPE html PUBLIC "-//W3C//DTD XHTML 1.0 Transitional//EN"
    "http://www.w3.org/TR/xhtml1/DTD/xhtml1-transitional.dtd">
<html xmlns="http://www.w3.org/1999/xhtml" xml:lang="en" lang="en">
 <head>
  <title>
</title>
<meta http-equiv="Content-Type" content="text/html;charset=utf-8" />
  <meta name='ocr-system' content='tesseract 3.04.00' />
  <meta name='ocr-capabilities' content='ocr_page ocr_carea ocr_par ocr_line ocrx_word'/>
</head>
<body>
  <div class='ocr_page' id='page_1' title='image "./johannissaresbe00johngoog/johannissaresbe00johngoog_0044.png"; bbox 0 0 2924 4974; ppageno 0'>
   <div class='ocr_carea' id='block_1_1' title="bbox 543 481 743 594">
    <p class='ocr_par' dir='ltr' id='par_1_1' title="bbox 543 481 743 594">
     <span class='ocr_line' id='line_1_1' title="bbox 543 481 743 594; baseline 0 -2"><span class='ocrx_word' id='word_1_1' title='bbox 543 583 601 592; x_wconf 73' lang='grc'>,.,</span> <span class='ocrx_word' id='word_1_2' title='bbox 617 481 743 594; x_wconf 52' lang='lat'>¹3.-</span> 
     </span>
    </p>
   </div>
   <div class='ocr_carea' id='block_1_2' title="bbox 159 679 1151 3902">
    <p class='ocr_par' dir='ltr' id='par_1_2' title="bbox 159 679 1151 3902">
     <span class='ocr_line' id='line_1_2' title="bbox 267 679 929 764; baseline -0.003 -18"><span class='ocrx_word' id='word_1_3' title='bbox 267 681 321 746; x_wconf 89' lang='lat' dir='ltr'>Est</span> <span class='ocrx_word' id='word_1_4' title='bbox 341 680 410 745; x_wconf 86' lang='lat' dir='ltr'>idea</span> <span class='ocrx_word' id='word_1_5' title='bbox 430 680 503 744; x_wconf 88' lang='lat' dir='ltr'>boui</span> <span class='ocrx_word' id='word_1_6' title='bbox 523 697 665 744; x_wconf 84' lang='lat' dir='ltr'>verorum</span> <span class='ocrx_word' id='word_1_7' title='bbox 686 679 756 745; x_wconf 83' lang='lat' dir='ltr'>fons</span> <span class='ocrx_word' id='word_1_8' title='bbox 778 687 810 744; x_wconf 83' lang='lat' dir='ltr'>et</span> <span class='ocrx_word' id='word_1_9' title='bbox 830 683 929 764; x_wconf 78' lang='lat' dir='ltr'>origo,</span> 
     </span>
     <span class='ocr_line' id='line_1_3' title="bbox 350 797 973 874; baseline -0.006 -12"><span class='ocrx_word' id='word_1_10' title='bbox 350 797 488 874; x_wconf 83' lang='lat' dir='ltr'>Quorum</span> <span class='ocrx_word' id='word_1_11' title='bbox 508 813 601 860; x_wconf 84' lang='lat' dir='ltr'>causa</span> <span class='ocrx_word' id='word_1_12' title='bbox 622 797 696 860; x_wconf 85' lang='lat' dir='ltr'>nitet</span> <span class='ocrx_word' id='word_1_13' title='bbox 716 799 747 860; x_wconf 89' lang='lat' dir='ltr'>in</span> <span class='ocrx_word' id='word_1_14' title='bbox 767 799 886 862; x_wconf 84' lang='lat' dir='ltr'>ratione</span> <span class='ocrx_word' id='word_1_15' title='bbox 908 798 973 861; x_wconf 88' lang='lat' dir='ltr'>Dei.</span> 
     </span>
     <span class='ocr_line' id='line_1_4' title="bbox 160 913 1032 992; baseline -0.002 -14"><span class='ocrx_word' id='word_1_16' title='bbox 160 914 234 978; x_wconf 84' lang='grc'><strong>385.</strong></span> <span class='ocrx_word' id='word_1_17' title='bbox 267 914 333 978; x_wconf 89' lang='lat' dir='ltr'>Lux</span> <span class='ocrx_word' id='word_1_18' title='bbox 353 932 483 978; x_wconf 83' lang='lat' dir='ltr'>accensu</span> <span class='ocrx_word' id='word_1_19' title='bbox 504 915 591 977; x_wconf 89' lang='lat' dir='ltr'>nimis</span> <span class='ocrx_word' id='word_1_20' title='bbox 613 919 643 977; x_wconf 89' lang='lat' dir='ltr'>et</span> <span class='ocrx_word' id='word_1_21' title='bbox 663 931 726 978; x_wconf 89' lang='lat' dir='ltr'>non</span> <span class='ocrx_word' id='word_1_22' title='bbox 748 931 877 978; x_wconf 85' lang='lat' dir='ltr'>accensa</span> <span class='ocrx_word' id='word_1_23' title='bbox 898 913 1032 992; x_wconf 76' lang='lat' dir='ltr'><strong>caducis,</strong></span> 
     </span>
     <span class='ocr_line' id='line_1_5' title="bbox 349 1030 1040 1107; baseline -0.003 -13"><span class='ocrx_word' id='word_1_24' title='bbox 349 1031 386 1094; x_wconf 89' lang='lat' dir='ltr'>Ut</span> <span class='ocrx_word' id='word_1_25' title='bbox 406 1030 529 1096; x_wconf 84' lang='lat' dir='ltr'>videant</span> <span class='ocrx_word' id='word_1_26' title='bbox 548 1030 698 1107; x_wconf 85' lang='lat' dir='ltr'>homines,</span> <span class='ocrx_word' id='word_1_27' title='bbox 720 1049 755 1093; x_wconf 84' lang='lat' dir='ltr'>sc</span> <span class='ocrx_word' id='word_1_28' title='bbox 775 1030 939 1094; x_wconf 87' lang='lat' dir='ltr'>minuendo</span> <span class='ocrx_word' id='word_1_29' title='bbox 961 1030 1040 1094; x_wconf 85' lang='lat' dir='ltr'>iacit.</span> 
     </span>
     <span class='ocr_line' id='line_1_6' title="bbox 266 1144 1151 1236; baseline -0.002 -24"><span class='ocrx_word' id='word_1_30' title='bbox 266 1144 372 1213; x_wconf 88' lang='lat' dir='ltr'>Nulius</span> <span class='ocrx_word' id='word_1_31' title='bbox 394 1148 474 1210; x_wconf 88' lang='lat' dir='ltr'>enim</span> <span class='ocrx_word' id='word_1_32' title='bbox 494 1153 585 1211; x_wconf 82' lang='lat' dir='ltr'>totam</span> <span class='ocrx_word' id='word_1_33' title='bbox 608 1153 746 1230; x_wconf 60' lang='lat' dir='ltr'>caperon</span> <span class='ocrx_word' id='word_1_34' title='bbox 768 1165 803 1210; x_wconf 87' lang='lat' dir='ltr'>sc</span> <span class='ocrx_word' id='word_1_35' title='bbox 824 1153 972 1230; x_wconf 86' lang='lat' dir='ltr'>temperat</span> <span class='ocrx_word' id='word_1_36' title='bbox 991 1165 1079 1230; x_wconf 84' lang='lat' dir='ltr'>ergo,</span> <span class='ocrx_word' id='word_1_37' title='bbox 1133 1209 1151 1236; x_wconf 24' lang='grc' dir='ltr'>,Ι</span> 
     </span>
     <span class='ocr_line' id='line_1_7' title="bbox 349 1263 970 1346; baseline -0.003 -18"><span class='ocrx_word' id='word_1_38' title='bbox 349 1263 387 1328; x_wconf 89' lang='lat' dir='ltr'>Ut</span> <span class='ocrx_word' id='word_1_39' title='bbox 407 1269 498 1345; x_wconf 82' lang='lat' dir='ltr'>queat</span> <span class='ocrx_word' id='word_1_40' title='bbox 517 1263 652 1328; x_wconf 72' lang='lat' dir='ltr'>infirmo</span> <span class='ocrx_word' id='word_1_41' title='bbox 673 1264 752 1327; x_wconf 86' lang='lat' dir='ltr'>illius</span> <span class='ocrx_word' id='word_1_42' title='bbox 773 1281 844 1326; x_wconf 79' lang='lat' dir='ltr'>esse</span> <span class='ocrx_word' id='word_1_43' title='bbox 865 1281 970 1346; x_wconf 81' lang='lat' dir='ltr'>capax.</span> 
     </span>
     <span class='ocr_line' id='line_1_8' title="bbox 267 1378 985 1462; baseline -0.001 -18"><span class='ocrx_word' id='word_1_44' title='bbox 267 1381 350 1444; x_wconf 84' lang='lat' dir='ltr'>Haec</span> <span class='ocrx_word' id='word_1_45' title='bbox 370 1378 476 1443; x_wconf 84' lang='lat' dir='ltr'>eadem</span> <span class='ocrx_word' id='word_1_46' title='bbox 497 1397 574 1444; x_wconf 87' lang='lat' dir='ltr'>vcro</span> <span class='ocrx_word' id='word_1_47' title='bbox 595 1380 646 1444; x_wconf 88' lang='lat' dir='ltr'>dat</span> <span class='ocrx_word' id='word_1_48' title='bbox 665 1397 778 1444; x_wconf 87' lang='lat' dir='ltr'>nomen</span> <span class='ocrx_word' id='word_1_49' title='bbox 799 1381 985 1462; x_wconf 85' lang='lat' dir='ltr'>participata,</span> 
     </span>
     <span class='ocr_line' id='line_1_9' title="bbox 160 1495 1005 1580; baseline -0.001 -20"><span class='ocrx_word' id='word_1_50' title='bbox 160 1499 232 1562; x_wconf 87' lang='lat'>390.</span> <span class='ocrx_word' id='word_1_51' title='bbox 348 1496 423 1560; x_wconf 84' lang='lat' dir='ltr'>Nam</span> <span class='ocrx_word' id='word_1_52' title='bbox 445 1495 580 1578; x_wconf 85' lang='lat' dir='ltr'>subjecta</span> <span class='ocrx_word' id='word_1_53' title='bbox 601 1496 658 1559; x_wconf 88' lang='lat' dir='ltr'>sihi</span> <span class='ocrx_word' id='word_1_54' title='bbox 679 1495 782 1560; x_wconf 85' lang='lat' dir='ltr'>dicere</span> <span class='ocrx_word' id='word_1_55' title='bbox 802 1513 875 1560; x_wconf 86' lang='lat' dir='ltr'>vera</span> <span class='ocrx_word' id='word_1_56' title='bbox 896 1502 1005 1580; x_wconf 86' lang='lat' dir='ltr'>potest.</span> 
     </span>
     <span class='ocr_line' id='line_1_10' title="bbox 266 1612 1114 1694; baseline -0.002 -17"><span class='ocrx_word' id='word_1_57' title='bbox 266 1613 332 1678; x_wconf 86' lang='lat' dir='ltr'>Lux</span> <span class='ocrx_word' id='word_1_58' title='bbox 352 1613 469 1676; x_wconf 84' lang='lat' dir='ltr'>animae</span> <span class='ocrx_word' id='word_1_59' title='bbox 485 1629 601 1690; x_wconf 77' lang='lat' dir='ltr'>aarum,</span> <span class='ocrx_word' id='word_1_60' title='bbox 623 1612 691 1676; x_wconf 82' lang='lat' dir='ltr'>sina</span> <span class='ocrx_word' id='word_1_61' title='bbox 711 1631 774 1694; x_wconf 84' lang='lat' dir='ltr'>quo</span> <span class='ocrx_word' id='word_1_62' title='bbox 794 1613 938 1676; x_wconf 75' lang='lat' dir='ltr'>brutescit</span> <span class='ocrx_word' id='word_1_63' title='bbox 959 1619 989 1676; x_wconf 84' lang='lat' dir='ltr'>et</span> <span class='ocrx_word' id='word_1_64' title='bbox 1009 1631 1114 1676; x_wconf 83' lang='lat' dir='ltr'>errans</span> 
     </span>
     <span class='ocr_line' id='line_1_11' title="bbox 348 1728 988 1812; baseline -0.002 -20"><span class='ocrx_word' id='word_1_65' title='bbox 348 1729 394 1792; x_wconf 88' lang='lat' dir='ltr'>De</span> <span class='ocrx_word' id='word_1_66' title='bbox 414 1729 488 1792; x_wconf 86' lang='lat' dir='ltr'>vitio</span> <span class='ocrx_word' id='word_1_67' title='bbox 509 1728 541 1790; x_wconf 86' lang='lat' dir='ltr'>iu</span> <span class='ocrx_word' id='word_1_68' title='bbox 561 1728 664 1792; x_wconf 84' lang='lat' dir='ltr'>vitium</span> <span class='ocrx_word' id='word_1_69' title='bbox 685 1729 880 1812; x_wconf 87' lang='lat' dir='ltr'>praecipitata</span> <span class='ocrx_word' id='word_1_70' title='bbox 899 1731 988 1812; x_wconf 80' lang='lat' dir='ltr'>penit.</span> 
     </span>
     <span class='ocr_line' id='line_1_12' title="bbox 264 1831 1001 1930; baseline 0 -22"><span class='ocrx_word' id='word_1_71' title='bbox 264 1844 387 1908; x_wconf 80' lang='lat' dir='ltr'>Maionia</span> <span class='ocrx_word' id='word_1_72' title='bbox 409 1831 544 1926; x_wconf 80' lang='lat' dir='ltr'>pretiosa</span> <span class='ocrx_word' id='word_1_73' title='bbox 565 1844 664 1922; x_wconf 85' lang='lat' dir='ltr'>nimis,</span> <span class='ocrx_word' id='word_1_74' title='bbox 687 1847 774 1910; x_wconf 78' lang='lat' dir='ltr'>ninus</span> <span class='ocrx_word' id='word_1_75' title='bbox 795 1852 865 1930; x_wconf 87' lang='lat' dir='ltr'>apta</span> <span class='ocrx_word' id='word_1_76' title='bbox 886 1846 1001 1924; x_wconf 87' lang='lat' dir='ltr'>decon&#39;,</span> 
     </span>
     <span class='ocr_line' id='line_1_13' title="bbox 347 1959 1087 2045; baseline -0.001 -21"><span class='ocrx_word' id='word_1_77' title='bbox 347 1959 563 2042; x_wconf 76' lang='lat' dir='ltr'>Artificemque</span> <span class='ocrx_word' id='word_1_78' title='bbox 584 1979 671 2024; x_wconf 88' lang='lat' dir='ltr'>suum</span> <span class='ocrx_word' id='word_1_79' title='bbox 693 1961 790 2026; x_wconf 80' lang='lat' dir='ltr'>foruna</span> <span class='ocrx_word' id='word_1_80' title='bbox 811 1963 925 2026; x_wconf 85' lang='lat' dir='ltr'>decora</span> <span class='ocrx_word' id='word_1_81' title='bbox 946 1961 1062 2045; x_wconf 85' lang='lat' dir='ltr'>probat.</span> <span class='ocrx_word' id='word_1_82' title='bbox 1084 1978 1087 1984; x_wconf 63' lang='lat'><strong><em>‘</em></strong></span> 
     </span>
     <span class='ocr_line' id='line_1_14' title="bbox 159 2075 1010 2160; baseline 0 -18"><span class='ocrx_word' id='word_1_83' title='bbox 159 2079 231 2142; x_wconf 86' lang='lat'>395.</span> <span class='ocrx_word' id='word_1_84' title='bbox 269 2078 323 2140; x_wconf 86' lang='lat' dir='ltr'>Est</span> <span class='ocrx_word' id='word_1_85' title='bbox 343 2075 412 2140; x_wconf 87' lang='lat' dir='ltr'>idea</span> <span class='ocrx_word' id='word_1_86' title='bbox 433 2083 543 2159; x_wconf 83' lang='lat' dir='ltr'>potens</span> <span class='ocrx_word' id='word_1_87' title='bbox 563 2078 629 2140; x_wconf 82' lang='lat' dir='ltr'>ucri</span> <span class='ocrx_word' id='word_1_88' title='bbox 650 2077 824 2155; x_wconf 84' lang='lat' dir='ltr'>substantia,</span> <span class='ocrx_word' id='word_1_89' title='bbox 846 2097 925 2160; x_wconf 86' lang='lat' dir='ltr'>quac</span> <span class='ocrx_word' id='word_1_90' title='bbox 945 2097 1010 2142; x_wconf 83' lang='lat' dir='ltr'>rem</span> 
     </span>
     <span class='ocr_line' id='line_1_15' title="bbox 349 2192 1106 2276; baseline 0.001 -20"><span class='ocrx_word' id='word_1_91' title='bbox 349 2192 519 2268; x_wconf 78' lang='lat' dir='ltr'><strong>Quamlibet</strong></span> <span class='ocrx_word' id='word_1_92' title='bbox 539 2192 681 2256; x_wconf 79' lang='lat' dir='ltr'>informat</span> <span class='ocrx_word' id='word_1_93' title='bbox 701 2201 732 2258; x_wconf 85' lang='lat' dir='ltr'>ct</span> <span class='ocrx_word' id='word_1_94' title='bbox 752 2193 824 2258; x_wconf 80' lang='lat' dir='ltr'>iacit</span> <span class='ocrx_word' id='word_1_95' title='bbox 845 2213 926 2274; x_wconf 87' lang='lat' dir='ltr'>esse,</span> <span class='ocrx_word' id='word_1_96' title='bbox 948 2195 1032 2276; x_wconf 87' lang='lat' dir='ltr'>quod</span> <span class='ocrx_word' id='word_1_97' title='bbox 1053 2202 1106 2258; x_wconf 89' lang='lat' dir='ltr'>est.</span> 
     </span>
     <span class='ocr_line' id='line_1_16' title="bbox 267 2308 1113 2390; baseline 0.002 -17"><span class='ocrx_word' id='word_1_98' title='bbox 267 2308 374 2388; x_wconf 86' lang='lat' dir='ltr'>Omne,</span> <span class='ocrx_word' id='word_1_99' title='bbox 390 2308 473 2390; x_wconf 86' lang='lat' dir='ltr'>quod</span> <span class='ocrx_word' id='word_1_100' title='bbox 485 2315 657 2388; x_wconf 82' lang='lat' dir='ltr'>ostucrum,</span> <span class='ocrx_word' id='word_1_101' title='bbox 680 2312 832 2374; x_wconf 85' lang='lat' dir='ltr'>convincit</span> <span class='ocrx_word' id='word_1_102' title='bbox 847 2311 944 2375; x_wconf 82' lang='lat' dir='ltr'>tonna</span> <span class='ocrx_word' id='word_1_103' title='bbox 954 2312 1003 2375; x_wconf 86' lang='lat' dir='ltr'>vol</span> <span class='ocrx_word' id='word_1_104' title='bbox 1015 2319 1113 2390; x_wconf 83' lang='lat' dir='ltr'>actus3</span> 
     </span>
     <span class='ocr_line' id='line_1_17' title="bbox 347 2424 1097 2509; baseline 0.004 -21"><span class='ocrx_word' id='word_1_105' title='bbox 347 2425 412 2490; x_wconf 88' lang='lat' dir='ltr'>Nec</span> <span class='ocrx_word' id='word_1_106' title='bbox 433 2424 542 2488; x_wconf 82' lang='lat' dir='ltr'>salsum</span> <span class='ocrx_word' id='word_1_107' title='bbox 564 2425 691 2503; x_wconf 79' lang='lat' dir='ltr'>dubites,</span> <span class='ocrx_word' id='word_1_108' title='bbox 713 2428 739 2488; x_wconf 89' lang='lat' dir='ltr'>si</span> <span class='ocrx_word' id='word_1_109' title='bbox 762 2427 833 2508; x_wconf 87' lang='lat' dir='ltr'>quid</span> <span class='ocrx_word' id='word_1_110' title='bbox 855 2433 985 2509; x_wconf 83' lang='lat' dir='ltr'>utroque</span> <span class='ocrx_word' id='word_1_111' title='bbox 1006 2436 1097 2493; x_wconf 87' lang='lat' dir='ltr'>caret.</span> 
     </span>
     <span class='ocr_line' id='line_1_18' title="bbox 264 2543 1012 2624; baseline 0.001 -18"><span class='ocrx_word' id='word_1_112' title='bbox 264 2543 373 2606; x_wconf 79' lang='lat' dir='ltr'>Forma</span> <span class='ocrx_word' id='word_1_113' title='bbox 394 2559 452 2605; x_wconf 94' lang='lat' dir='ltr'>suo</span> <span class='ocrx_word' id='word_1_114' title='bbox 474 2544 581 2624; x_wconf 81' lang='lat' dir='ltr'>generi</span> <span class='ocrx_word' id='word_1_115' title='bbox 605 2545 730 2624; x_wconf 82' lang='lat' dir='ltr'>quaevis</span> <span class='ocrx_word' id='word_1_116' title='bbox 752 2543 871 2606; x_wconf 86' lang='lat' dir='ltr'>addicta</span> <span class='ocrx_word' id='word_1_117' title='bbox 891 2551 1012 2607; x_wconf 84' lang='lat' dir='ltr'>tenetur</span> 
     </span>
     <span class='ocr_line' id='line_1_19' title="bbox 159 2659 1067 2743; baseline -0.002 -20"><span class='ocrx_word' id='word_1_118' title='bbox 159 2660 232 2724; x_wconf 73' lang='lat' dir='ltr'>too.</span> <span class='ocrx_word' id='word_1_119' title='bbox 348 2659 385 2722; x_wconf 86' lang='lat' dir='ltr'>Et</span> <span class='ocrx_word' id='word_1_120' title='bbox 406 2659 526 2741; x_wconf 80' lang='lat' dir='ltr'>peragit</span> <span class='ocrx_word' id='word_1_121' title='bbox 545 2677 678 2742; x_wconf 85' lang='lat' dir='ltr'>semper,</span> <span class='ocrx_word' id='word_1_122' title='bbox 699 2659 843 2741; x_wconf 85' lang='lat' dir='ltr'>quicquid</span> <span class='ocrx_word' id='word_1_123' title='bbox 866 2660 955 2741; x_wconf 84' lang='lat' dir='ltr'>origo</span> <span class='ocrx_word' id='word_1_124' title='bbox 973 2661 1067 2743; x_wconf 86' lang='lat' dir='ltr'>jubet.</span> 
     </span>
     <span class='ocr_line' id='line_1_20' title="bbox 264 2773 1011 2858; baseline -0.001 -19"><span class='ocrx_word' id='word_1_125' title='bbox 264 2777 348 2858; x_wconf 84' lang='lat' dir='ltr'>Ergo</span> <span class='ocrx_word' id='word_1_126' title='bbox 370 2773 453 2855; x_wconf 86' lang='lat' dir='ltr'>quod</span> <span class='ocrx_word' id='word_1_127' title='bbox 474 2775 505 2836; x_wconf 88' lang='lat' dir='ltr'>iu</span> <span class='ocrx_word' id='word_1_128' title='bbox 526 2774 623 2840; x_wconf 77' lang='lat' dir='ltr'>socna</span> <span class='ocrx_word' id='word_1_129' title='bbox 642 2779 743 2840; x_wconf 88' lang='lat' dir='ltr'>nativa</span> <span class='ocrx_word' id='word_1_130' title='bbox 763 2782 883 2840; x_wconf 85' lang='lat' dir='ltr'>constat</span> <span class='ocrx_word' id='word_1_131' title='bbox 902 2777 1011 2858; x_wconf 82' lang='lat' dir='ltr'>agitve,</span> 
     </span>
     <span class='ocr_line' id='line_1_21' title="bbox 349 2891 1036 2970; baseline -0.001 -14"><span class='ocrx_word' id='word_1_132' title='bbox 349 2891 438 2966; x_wconf 83' lang='lat' dir='ltr'>Quod</span> <span class='ocrx_word' id='word_1_133' title='bbox 460 2898 565 2956; x_wconf 86' lang='lat' dir='ltr'>natura</span> <span class='ocrx_word' id='word_1_134' title='bbox 587 2911 712 2956; x_wconf 78' lang='lat' dir='ltr'>mallens</span> <span class='ocrx_word' id='word_1_135' title='bbox 733 2894 902 2958; x_wconf 88' lang='lat' dir='ltr'>iuratione</span> <span class='ocrx_word' id='word_1_136' title='bbox 923 2899 1036 2970; x_wconf 85' lang='lat' dir='ltr'>monet,</span> 
     </span>
     <span class='ocr_line' id='line_1_22' title="bbox 264 3007 1041 3092; baseline -0.001 -21"><span class='ocrx_word' id='word_1_137' title='bbox 264 3007 342 3071; x_wconf 84' lang='lat' dir='ltr'>Esse</span> <span class='ocrx_word' id='word_1_138' title='bbox 363 3009 411 3071; x_wconf 92' lang='lat' dir='ltr'>sui</span> <span class='ocrx_word' id='word_1_139' title='bbox 432 3009 567 3090; x_wconf 78' lang='lat' dir='ltr'>generis,</span> <span class='ocrx_word' id='word_1_140' title='bbox 589 3027 694 3072; x_wconf 83' lang='lat' dir='ltr'>verum</span> <span class='ocrx_word' id='word_1_141' title='bbox 716 3010 789 3092; x_wconf 87' lang='lat' dir='ltr'>quid</span> <span class='ocrx_word' id='word_1_142' title='bbox 810 3010 929 3087; x_wconf 72' lang='lat' dir='ltr'>diuitun</span> <span class='ocrx_word' id='word_1_143' title='bbox 950 3009 1041 3090; x_wconf 86' lang='lat' dir='ltr'>idque</span> 
     </span>
     <span class='ocr_line' id='line_1_23' title="bbox 348 3123 1025 3208; baseline 0 -21"><span class='ocrx_word' id='word_1_144' title='bbox 348 3123 463 3187; x_wconf 84' lang='lat' dir='ltr'>Iudicat</span> <span class='ocrx_word' id='word_1_145' title='bbox 484 3123 621 3203; x_wconf 81' lang='lat' dir='ltr'>effectus,</span> <span class='ocrx_word' id='word_1_146' title='bbox 644 3132 695 3189; x_wconf 85' lang='lat' dir='ltr'>aut</span> <span class='ocrx_word' id='word_1_147' title='bbox 714 3143 771 3190; x_wconf 86' lang='lat' dir='ltr'>sua</span> <span class='ocrx_word' id='word_1_148' title='bbox 792 3126 888 3191; x_wconf 84' lang='lat' dir='ltr'>forma</span> <span class='ocrx_word' id='word_1_149' title='bbox 909 3125 1025 3208; x_wconf 84' lang='lat' dir='ltr'>probat.</span> 
     </span>
     <span class='ocr_line' id='line_1_24' title="bbox 159 3241 1046 3320; baseline 0 -17"><span class='ocrx_word' id='word_1_150' title='bbox 159 3242 231 3304; x_wconf 77' lang='lat'>405.</span> <span class='ocrx_word' id='word_1_151' title='bbox 265 3241 343 3320; x_wconf 86' lang='lat' dir='ltr'>Hinc</span> <span class='ocrx_word' id='word_1_152' title='bbox 364 3241 445 3306; x_wconf 82' lang='lat' dir='ltr'>aliud</span> <span class='ocrx_word' id='word_1_153' title='bbox 466 3261 571 3306; x_wconf 85' lang='lat' dir='ltr'>verum</span> <span class='ocrx_word' id='word_1_154' title='bbox 592 3260 695 3305; x_wconf 84' lang='lat' dir='ltr'>rerum</span> <span class='ocrx_word' id='word_1_155' title='bbox 717 3245 869 3306; x_wconf 82' lang='lat' dir='ltr'>connexio</span> <span class='ocrx_word' id='word_1_156' title='bbox 891 3248 1046 3320; x_wconf 86' lang='lat' dir='ltr'>monstrat,</span> 
     </span>
     <span class='ocr_line' id='line_1_25' title="bbox 350 3357 1101 3441; baseline -0.001 -20"><span class='ocrx_word' id='word_1_157' title='bbox 350 3357 446 3432; x_wconf 82' lang='lat' dir='ltr'>Quam</span> <span class='ocrx_word' id='word_1_158' title='bbox 468 3359 535 3420; x_wconf 84' lang='lat' dir='ltr'>sine</span> <span class='ocrx_word' id='word_1_159' title='bbox 557 3359 733 3440; x_wconf 86' lang='lat' dir='ltr'>compositis</span> <span class='ocrx_word' id='word_1_160' title='bbox 754 3377 844 3423; x_wconf 86' lang='lat' dir='ltr'>nemo</span> <span class='ocrx_word' id='word_1_161' title='bbox 865 3359 970 3424; x_wconf 86' lang='lat' dir='ltr'>videre</span> <span class='ocrx_word' id='word_1_162' title='bbox 990 3365 1101 3441; x_wconf 85' lang='lat' dir='ltr'>potest.</span> 
     </span>
     <span class='ocr_line' id='line_1_26' title="bbox 264 3472 1000 3559; baseline 0.003 -23"><span class='ocrx_word' id='word_1_163' title='bbox 264 3472 319 3537; x_wconf 82' lang='lat' dir='ltr'>Est</span> <span class='ocrx_word' id='word_1_164' title='bbox 338 3474 508 3538; x_wconf 84' lang='lat' dir='ltr'>intellectus</span> <span class='ocrx_word' id='word_1_165' title='bbox 528 3493 630 3554; x_wconf 84' lang='lat' dir='ltr'>verus,</span> <span class='ocrx_word' id='word_1_166' title='bbox 651 3477 721 3556; x_wconf 87' lang='lat' dir='ltr'>quia</span> <span class='ocrx_word' id='word_1_167' title='bbox 742 3477 876 3559; x_wconf 78' lang='lat' dir='ltr'>concipit</span> <span class='ocrx_word' id='word_1_168' title='bbox 894 3477 1000 3558; x_wconf 87' lang='lat' dir='ltr'>ipsam,</span> 
     </span>
     <span class='ocr_line' id='line_1_27' title="bbox 351 3590 1012 3673; baseline -0.006 -18"><span class='ocrx_word' id='word_1_169' title='bbox 351 3590 463 3672; x_wconf 83' lang='lat' dir='ltr'>Sicquc</span> <span class='ocrx_word' id='word_1_170' title='bbox 485 3592 594 3673; x_wconf 77' lang='lat' dir='ltr'>triplex</span> <span class='ocrx_word' id='word_1_171' title='bbox 614 3593 679 3654; x_wconf 87' lang='lat' dir='ltr'>veri</span> <span class='ocrx_word' id='word_1_172' title='bbox 700 3591 791 3656; x_wconf 81' lang='lat' dir='ltr'>dictio</span> <span class='ocrx_word' id='word_1_173' title='bbox 812 3592 904 3655; x_wconf 78' lang='lat' dir='ltr'>nebus</span> <span class='ocrx_word' id='word_1_174' title='bbox 924 3593 1012 3653; x_wconf 89' lang='lat' dir='ltr'>inest.</span> 
     </span>
     <span class='ocr_line' id='line_1_28' title="bbox 264 3706 1045 3790; baseline -0.003 -20"><span class='ocrx_word' id='word_1_175' title='bbox 264 3706 320 3770; x_wconf 89' lang='lat' dir='ltr'>Est</span> <span class='ocrx_word' id='word_1_176' title='bbox 339 3723 441 3770; x_wconf 82' lang='lat' dir='ltr'>sermo</span> <span class='ocrx_word' id='word_1_177' title='bbox 463 3727 564 3786; x_wconf 85' lang='lat' dir='ltr'>uerus,</span> <span class='ocrx_word' id='word_1_178' title='bbox 586 3711 726 3790; x_wconf 86' lang='lat' dir='ltr'>quotiens</span> <span class='ocrx_word' id='word_1_179' title='bbox 748 3707 889 3790; x_wconf 81' lang='lat' dir='ltr'>designat</span> <span class='ocrx_word' id='word_1_180' title='bbox 908 3707 1045 3785; x_wconf 86' lang='lat' dir='ltr'>candem,</span> 
     </span>
     <span class='ocr_line' id='line_1_29' title="bbox 161 3820 1054 3902; baseline 0 -18"><span class='ocrx_word' id='word_1_181' title='bbox 161 3821 231 3884; x_wconf 80' lang='lat' dir='ltr'>tto.</span> <span class='ocrx_word' id='word_1_182' title='bbox 348 3820 379 3886; x_wconf 86' lang='lat' dir='ltr'>Si</span> <span class='ocrx_word' id='word_1_183' title='bbox 402 3841 436 3886; x_wconf 88' lang='lat' dir='ltr'>se</span> <span class='ocrx_word' id='word_1_184' title='bbox 457 3842 507 3886; x_wconf 86' lang='lat' dir='ltr'>res</span> <span class='ocrx_word' id='word_1_185' title='bbox 529 3825 668 3902; x_wconf 80' lang='lat' dir='ltr'>habeant,</span> <span class='ocrx_word' id='word_1_186' title='bbox 690 3831 722 3887; x_wconf 86' lang='lat' dir='ltr'>ut</span> <span class='ocrx_word' id='word_1_187' title='bbox 744 3823 811 3888; x_wconf 87' lang='lat' dir='ltr'>data</span> <span class='ocrx_word' id='word_1_188' title='bbox 832 3824 925 3888; x_wconf 84' lang='lat' dir='ltr'>verba</span> <span class='ocrx_word' id='word_1_189' title='bbox 945 3824 1054 3888; x_wconf 86' lang='lat' dir='ltr'>serunt.</span> 
     </span>
    </p>
   </div>
   <div class='ocr_carea' id='block_1_3' title="bbox 161 4185 1110 4317">
    <p class='ocr_par' dir='ltr' id='par_1_3' title="bbox 161 4185 1110 4317">
     <span class='ocr_line' id='line_1_30' title="bbox 227 4185 1110 4250; baseline 0.002 -14"><span class='ocrx_word' id='word_1_190' title='bbox 227 4188 260 4237; x_wconf 84' lang='lat' dir='ltr'>V.</span> <span class='ocrx_word' id='word_1_191' title='bbox 278 4185 326 4238; x_wconf 76' lang='lat' dir='ltr'>aei</span> <span class='ocrx_word' id='word_1_192' title='bbox 345 4193 473 4250; x_wconf 75' lang='lat' dir='ltr'>temperat</span> <span class='ocrx_word' id='word_1_193' title='bbox 494 4190 515 4239; x_wconf 79' lang='grc' dir='ltr'>Ι.</span> <span class='ocrx_word' id='word_1_194' title='bbox 539 4195 563 4240; x_wconf 82' lang='lat' dir='ltr'>ou</span> <span class='ocrx_word' id='word_1_195' title='bbox 581 4191 618 4250; x_wconf 87' lang='lat' dir='ltr'>H,</span> <span class='ocrx_word' id='word_1_196' title='bbox 642 4191 770 4242; x_wconf 87' lang='lat' dir='ltr'>contrahit</span> <span class='ocrx_word' id='word_1_197' title='bbox 787 4191 835 4241; x_wconf 89' lang='lat' dir='ltr'>Lm</span> <span class='ocrx_word' id='word_1_198' title='bbox 859 4195 884 4240; x_wconf 82' lang='lat' dir='ltr'>ct</span> <span class='ocrx_word' id='word_1_199' title='bbox 900 4191 962 4240; x_wconf 79' lang='lat' dir='ltr'>itin.</span> <span class='ocrx_word' id='word_1_200' title='bbox 1003 4190 1034 4240; x_wconf 88' lang='lat' dir='ltr'>V.</span> <span class='ocrx_word' id='word_1_201' title='bbox 1053 4186 1110 4238; x_wconf 81' lang='grc'><strong>393.</strong></span> 
     </span>
     <span class='ocr_line' id='line_1_31' title="bbox 161 4254 511 4317; baseline 0.009 -14"><span class='ocrx_word' id='word_1_202' title='bbox 161 4254 276 4315; x_wconf 84' lang='lat' dir='ltr'>pretiosa</span> <span class='ocrx_word' id='word_1_203' title='bbox 293 4255 327 4315; x_wconf 84' lang='lat' dir='ltr'>fl,</span> <span class='ocrx_word' id='word_1_204' title='bbox 345 4255 464 4317; x_wconf 85' lang='lat' dir='ltr'>preciosa</span> <span class='ocrx_word' id='word_1_205' title='bbox 481 4257 511 4306; x_wconf 90' lang='lat' dir='ltr'>L.</span> 
     </span>
    </p>
   </div>
   <div class='ocr_carea' id='block_1_4' title="bbox 0 0 1467 4974">
    <p class='ocr_par' dir='ltr' id='par_1_4' title="bbox 0 0 1467 4974">
     <span class='ocr_line' id='line_1_32' title="bbox 0 0 1467 4974; baseline 0 0"><span class='ocrx_word' id='word_1_206' title='bbox 0 0 1467 4974; x_wconf 95' lang='lat' dir='ltr'> </span> 
     </span>
    </p>
   </div>
  </div>
 </body>
</html>
