2924 4974
594 469 715 582 ao-

266 670 366 734 Causa
392 671 505 750 latens,
533 675 688 756 proprium
710 691 789 755 quae
809 671 930 754 singula
951 671 1033 736 ducit
1053 671 1091 736 ad

739 795 836 854 ortum

348 903 386 968 Et
404 905 517 968 similes
538 907 621 970 rivos
642 904 774 970 fontibus
796 921 868 970 esse
889 903 970 968 facit

142 1019 230 1082 1065.
265 1019 379 1084 Contra
399 1027 536 1086 naturam
556 1029 627 1086 sunt
646 1023 775 1105 plurima
795 1021 1007 1105 posteriorem,

349 1135 410 1203 Sed
426 1144 532 1202 contra
547 1139 682 1221 primam,
704 1138 776 1220 quid
793 1138 874 1202 valet
888 1137 982 1200 esse?
1003 1135 1090 1200 nihili

265 1254 416 1318 Zodiacus
437 1255 483 1318 bis
504 1273 560 1318 sex
582 1255 716 1337 obliquat
736 1257 824 1338 signu
845 1259 955 1330 rotatu,
1090 1273 1286 1314 permanemus.

347 1369 562 1454 Aequalesque
581 1371 638 1436 sibi
660 1389 723 1435 non
744 1371 815 1434 sinit
835 1387 905 1434 esse
927 1368 1001 1432 dies.

265 1485 405 1550 mancus
427 1495 474 1550 est
494 1488 585 1552 medii
606 1495 711 1552 notum
732 1486 820 1550 nobis
844 1491 934 1568 caput
953 1485 1029 1565 axis,

141 1602 231 1664 1070.
349 1601 411 1670 Sed
431 1604 580 1686 reliquum
601 1602 742 1687 prohibet
761 1609 841 1668 terra
856 1601 961 1668 videro
976 1601 1088 1686 potum.

264 1718 387 1801 Septem
409 1725 488 1783 terra
510 1722 597 1804 vagis
619 1721 792 1784 excentrica
813 1719 949 1802 subjacet
969 1721 1067 1799 ostric,
1089 1723 1289 1806 domiuum

349 1836 446 1911 Quam
456 1843 557 1902 tamen
566 1795 1289 1904 strenuummammosortunauer.i¹.''.‘1²‡2'il'nff2'2}

263 1951 393 2016 Inferior
412 1959 500 2035 paret
520 1971 642 2036 semper
662 1953 772 2036 globus
794 1951 947 2030 exteriori,
1087 1941 1106 1974 ‘²
1119 1937 1163 1976 '¹²¹
1182 1935 1287 1975 ‘¹‘”‘'‘⁰'

346 2069 441 2133 Terra
461 2070 567 2134 subest
587 2070 704 2134 cunetis
726 2069 849 2133 orbibus
870 2073 940 2151 apta
959 2069 1030 2151 pati.

140 2183 230 2248 1075.
261 2184 476 2250 Haecimmota
487 2192 597 2265 manet,
617 2186 674 2250 sed
684 2187 714 2248 in
726 2186 831 2250 orbem
842 2192 945 2249 cetera
955 2191 1088 2263 currunt,

345 2301 380 2364 ln
399 2301 531 2366 medium
552 2302 691 2366 recidunt
710 2301 1086 2384 ponderacunotolocum.

264 2417 346 2481 Facx
367 2417 477 2482 etenim
498 2435 621 2500 semper
641 2418 672 2482 in
693 2417 788 2482 fundo
810 2417 895 2482 tardo
917 2419 1045 2499 quiescit

348 2531 530 2614 Attactuque
550 2552 608 2598 suo
630 2533 753 2598 sordida
775 2553 914 2616 quaeque
935 2533 1015 2598 facit.

264 2647 372 2712 Omnia
391 2650 583 2728 sordescunt,
605 2667 684 2730 quae
704 2651 785 2732 turpi
804 2649 891 2714 faece
911 2649 1076 2732 replentur,

141 2763 230 2827 1080.
348 2765 443 2844 Quae,
465 2767 523 2830 nisi
544 2773 723 2850 purgentur,
744 2783 817 2830 uasa
838 2766 939 2847 perire
960 2764 1039 2829 iacit

263 2879 315 2946 Sic
335 2880 446 2946 iniecta
467 2881 519 2946 diu
540 2883 718 2966 devictoque
738 2881 833 2944 faecis
854 2898 947 2946 acore

345 2997 403 3060 Vix
424 3005 515 3081 eaput
535 2999 639 3064 attollit
658 3015 745 3062 meus
766 3003 891 3061 onerata
910 2998 983 3062 luto.

262 3113 337 3176 Nam
358 3131 458 3197 prope
477 3115 614 3180 tellurem
635 3122 705 3179 sunt
725 3115 809 3193 sumi,
829 3114 958 3192 flamina,
979 3114 1086 3194 nubes,

347 3229 433 3304 Quae
453 3231 574 3294 turbant
594 3231 701 3294 oculos
723 3231 898 3296 strationis
921 3247 1008 3313 opus.

140 3345 228 3410 1085.
263 3345 376 3414 Contra
397 3353 532 3410 natrmam
554 3346 648 3412 facies
669 3348 800 3410 humana
819 3346 947 3410 reflectit

345 3461 394 3526 Ad
415 3470 524 3528 terram
544 3465 653 3542 vultu,
675 3469 746 3526 nata
765 3463 870 3526 videre
889 3464 996 3526 Deum.

262 3576 324 3642 Sed
345 3584 445 3642 tamen
466 3578 616 3644 interdum
636 3587 758 3646 terrerm
778 3579 918 3644 videntur
933 3578 971 3642 ad
988 3595 1085 3656 usum,

344 3695 409 3760 Nec
430 3701 548 3777 peccat,
569 3697 596 3760 si
617 3698 655 3760 sit
676 3703 752 3762 tetra
772 3695 864 3760 libido
886 3695 1003 3777 procul.

259 3812 406 3894 Principis
428 3811 506 3876 haec
526 3812 616 3876 tradit
636 3814 804 3895 sapientum
822 3811 1085 3894 dogrnaPlatonis,

137 3925 227 3988 1090.
344 3927 372 3989 Α
394 3946 455 4008 quo
476 3929 638 4010 posteritas
661 3926 802 4010 dogmata
823 3947 896 3992 vera
917 3929 1007 4011 capit.

199 4112 233 4162 v.
252 4111 327 4162 1010.
349 4114 440 4174 potum
458 4115 478 4162 L
499 4116 580 4174 otti,
611 4115 651 4164 vot
674 4118 752 4176 caput
768 4114 824 4164 Lm.
863 4115 895 4163 V.
915 4112 988 4163 1011.
1014 4111 1085 4164 1005.

136 4176 209 4228 1103.
230 4175 303 4228 1109.
329 4177 393 4242 Arg.
423 4178 499 4240 Quod
521 4181 595 4231 doost
617 4179 644 4230 in
661 4180 724 4229 lim.
758 4180 791 4230 V.
811 4178 883 4230 1011.
904 4177 969 4242 mg.
991 4181 1086 4242 globus

135 4249 202 4294 term
219 4245 289 4304 Lm,t
306 4259 362 4296 erra
381 4247 415 4308 gt.
432 4249 494 4297 Hm.
