2912 4976
599 751 631 806 V.
657 745 732 808 1361
747 781 778 792 -κ
792 745 880 809 stat.

269 915 315 970 DE
345 914 594 988 attractatam,
627 917 818 978 AnntrAntto
841 919 1000 988 AbllSQUE
1023 919 1159 977 HENlllGl
1186 921 1208 976 ll

621 1042 862 1102 OFFIClLlAbUS.

645 1257 841 1266 -.α-ῃ

270 1436 330 1492 dam
364 1438 501 1494 ministros
533 1440 695 1512 aggreditur
729 1441 803 1514 regis
824 1441 935 1499 lleorici
957 1441 980 1498 ll
1008 1442 1158 1498 malevolos
1180 1447 1207 1496 et
1229 1443 1292 1496 ric-

183 1540 292 1610 lantos,
314 1541 476 1612 quibuscum
497 1543 663 1600 cancellario
686 1544 864 1601 dimicandum
891 1551 965 1617 erat,
986 1545 1034 1600 sed
1061 1545 1131 1600 dctis
1158 1545 1292 1616 significat

183 1642 351 1714 nominibus,
374 1651 412 1717 ut,
434 1662 487 1720 pro
510 1663 604 1702 manca
626 1646 735 1705 illorum
756 1655 909 1721 temporum
930 1647 1035 1718 notitia,
1058 1647 1168 1702 difficile
1189 1647 1224 1702 sit
1239 1664 1291 1720 pro

184 1753 263 1803 certo
287 1747 432 1822 affirmare,
454 1768 524 1824 quoa
547 1750 647 1824 ubique
669 1752 813 1809 notaverit.
847 1752 912 1808 Tres
934 1767 1001 1824 prae
1023 1750 1121 1805 ceteris
1138 1750 1291 1822 insigniun-

183 1856 228 1906 tur
249 1851 305 1907 viri
326 1853 434 1910 summis
455 1856 607 1913 honoribus
630 1858 734 1930 ornati,
767 1873 838 1930 quoa
864 1856 1090 1928 mandrogerum,
1120 1855 1292 1928 Antipatrum

184 1962 211 2010 et
233 1957 354 2028 Sporum
380 1959 507 2032 appellat.
556 1960 733 2033 blandrogeri
759 1977 857 2018 nomen
888 1976 903 2014 e
930 1959 1072 2017 comoedia
1102 1959 1292 2032 depromptum

183 2066 234 2130 est,
258 2076 329 2132 quae
341 2061 476 2128 Querolns
491 2061 623 2135 inscripta
643 2063 691 2130 (cl.
704 2063 802 2119 Polior.
824 2063 859 2133 ll,
882 2057 946 2134 25),
968 2077 1055 2135 nuper
1064 2060 1204 2117 Aulularia
1221 2079 1292 2117 nun-

183 2169 285 2234 cupata
297 2169 326 2218 et
337 2164 369 2219 ab
383 2164 493 2221 Osanno
505 2165 588 2236 edita,
599 2165 685 2221 Plauti
696 2165 804 2222 nomine
821 2166 877 2236 jam
890 2181 923 2222 eo
946 2172 1070 2238 tempore
1086 2164 1288 2234 nundinabatur,

184 2282 345 2338 quamquam
362 2282 419 2324 non
440 2268 551 2324 multum
567 2268 704 2340 antiquior
716 2273 757 2324 est
768 2268 851 2341 ipsius
866 2268 997 2325 lobannis
1009 2268 1097 2324 nostri
1108 2275 1205 2324 aetate.
1234 2267 1292 2334 Qua

183 2386 211 2424 m
233 2371 378 2428 comoedia
400 2388 462 2428 cum
483 2371 683 2444 blandrogerus
705 2372 842 2443 astrologi
869 2371 960 2428 dolosi
987 2370 1115 2443 pietatem
1142 2371 1291 2427 simulantis

183 2479 277 2544 partes
299 2480 378 2547 agat,
410 2475 492 2532 iidem
513 2491 604 2532 mores
625 2474 688 2531 huic
703 2475 880 2548 blandrogeri
900 2491 1035 2549 personae
1063 2481 1126 2530 sunt
1146 2473 1291 2530 tribuendi.

184 2578 307 2648 Nomen,
339 2579 415 2650 quod
442 2579 515 2652 apud
543 2583 650 2634 veteres
682 2594 737 2634 non
763 2577 880 2650 legitur,
912 2578 1093 2651 compositum
1119 2577 1225 2633 videtur
1257 2594 1291 2632 ex

183 2681 296 2736 mandra
330 2681 481 2747 (mulorum
502 2696 590 2753 grex,
621 2680 719 2736 lunen.
741 2680 792 2752 lll,
819 2673 899 2745 237)
932 2687 959 2736 et
984 2673 1080 2759 γέρων
1111 2680 1155 2735 vel
1182 2696 1291 2750 gerere,

184 2790 215 2839 ut
242 2783 389 2840 asinarium
415 2784 551 2856 significet
570 2783 616 2840 vel
642 2783 803 2854 mulionem,
830 2782 882 2838 nisi
904 2783 1043 2856 praeferas
1071 2799 1167 2840 vocem
1191 2800 1291 2840 corru-

182 2893 256 2959 ptam
267 2893 366 2959 putare
376 2903 411 2942 ax
421 2887 616 2958 mandragora,
632 2887 728 2957 herba,
738 2903 818 2959 qnam
829 2885 977 2943 Columella
988 2885 1026 2957 X,
1041 2879 1078 2942 19
1089 2887 1291 2944 semihominem

183 2991 313 3064 appellat.
330 2989 501 3063 Antipatrum
523 2990 599 3046 clero
621 2988 753 3046 intensum
775 2990 827 3045 bac
848 2989 906 3062 ipse
928 2989 961 3044 de
984 3004 1075 3059 cansa,
1098 2989 1172 3060 qnod
1194 2997 1291 3046 contra

181 3101 275 3166 patres
297 3095 315 3149 i.
339 3110 364 3150 e.
387 3095 504 3152 clericos
526 3101 637 3168 ageret,
665 3097 828 3169 appellatum
855 3112 914 3152 esse
941 3100 1023 3167 poeta
1049 3096 1108 3166 ipsa
1136 3097 1289 3167 profitetur.

182 3199 289 3270 Sporus
312 3196 439 3270 denique,
461 3215 541 3270 quem
562 3198 677 3270 pecunia
698 3213 728 3253 se
749 3197 829 3254 lacile
852 3198 989 3270 corrumpi
1011 3199 1067 3269 pati
1089 3199 1189 3269 arguit,
1218 3215 1290 3270 cog-

182 3317 283 3357 nomen
304 3301 376 3356 illius
398 3299 604 3372 adolescentuli,
626 3300 672 3372 qni
683 3299 753 3373 apud
764 3299 897 3357 Neronem
919 3315 1017 3370 magna
1034 3299 1173 3356 fruebatur
1191 3302 1290 3372 gratia,

182 3410 301 3476 propter
327 3404 424 3475 simile,
463 3403 574 3477 opinor,
611 3403 794 3476 impudicitiae
821 3402 999 3476 opprobrium
1036 3420 1135 3459 nomen
1174 3405 1290 3476 accepit.

182 3509 298 3564 sueton.
326 3507 390 3563 Nar.
413 3500 463 3564 28.
506 3509 632 3580 Tempus,
660 3506 733 3577 qnod
759 3507 813 3563 boc
839 3506 904 3562 loco
932 3503 1031 3577 respici
1057 3513 1162 3579 polest,
1195 3507 1290 3564 tinibus

181 3610 245 3666 anni
264 3603 355 3680 1154,
376 3625 432 3682 quo
449 3610 581 3666 llenricns
603 3610 630 3666 io
652 3622 739 3680 regno
757 3608 898 3678 successit,
922 3614 948 3663 et
968 3601 1057 3680 1160,
1081 3627 1135 3682 qno
1151 3610 1290 3667 lohannes

181 3728 293 3768 carmen
310 3719 435 3768 nostrum
446 3712 611 3784 composuit,
628 3710 860 3782 circumscriptum
873 3716 922 3764 est.
954 3710 1058 3783 ltaque,
1080 3713 1288 3786 lappenbergio

183 3816 323 3887 consulto,
345 3815 410 3872 mibi
431 3830 476 3870 res
498 3819 563 3870 tunc
584 3819 676 3884 gestas
698 3811 827 3868 memoria
854 3812 988 3884 repetenti
1014 3814 1099 3870 visum
1127 3823 1182 3887 est,
1211 3817 1289 3874 Mau-

182 3919 298 3990 drogeri
320 3923 348 3974 et
373 3917 510 3991 Antipatri
535 3915 688 3974 corninibus
716 3932 771 3971 non
798 3915 867 3970 alios
890 3916 975 3972 latere
1002 3916 1053 3998 nisi
1080 3918 1227 3976 ttohermm
1255 3922 1290 3976 de

181 4023 355 4078 bellomonte
377 4021 568 4094 legecestriae
589 4019 713 4078 comitem
737 4025 765 4074 et
785 4019 946 4075 bichardum
970 4020 1003 4075 de
1025 4019 1103 4092 Luci,
1140 4023 1185 4094 qui
1207 4025 1287 4082 ambo

183 4134 240 4183 tum
263 4126 393 4200 imprimis
416 4125 491 4197 regis
513 4124 603 4196 gratia
624 4122 781 4180 fruebantur
803 4129 830 4178 et
852 4123 877 4178 in
895 4122 970 4180 clero
988 4125 1178 4198 persequendo
1195 4130 1288 4186 saltem
