2912 4976
694 447 746 526 83

162 662 219 711 tum
250 655 394 713 florentem
419 655 595 730 Mandragori
620 655 729 714 nomine
759 651 954 727 significatum,
983 653 1127 714 invehitur.
1180 655 1267 712 bonus

161 760 208 816 bie'
229 760 264 816 de
290 759 401 833 bagnae
420 758 555 832 duplione
575 757 658 816 initiis
678 775 744 818 sene
765 755 864 833 dignus
884 764 943 828 est,
969 757 1015 832 qai
1036 759 1181 816 doctorum
1203 759 1266 816 nui·

161 879 235 919 mum
256 862 292 920 ad
313 879 344 920 se
365 868 517 920 convertat.
561 863 600 922 ci.
621 862 801 937 bappenberg
821 862 918 920 (iasub.
940 879 966 918 r.
988 862 1067 934 Enni.
1090 861 1125 934 ΙΙ,
1146 879 1173 936 p.
1195 855 1265 919 292.

162 967 329 1040 Stephanum
354 967 475 1040 Hyrcani
506 967 581 1040 regis
605 965 773 1026 iudaeorum
804 965 994 1024 saoerdotibns
1024 965 1125 1024 inimici
1158 966 1266 1028 nomine

162 1071 292 1142 appellnt.
334 1070 537 1129 dmisoonaulto
558 1077 589 1128 nt
609 1069 826 1144 praestigiatoris
848 1086 940 1128 mores
961 1069 1146 1141 adscriberet,
1167 1085 1266 1128 nomen

162 1172 340 1247 mandrogeri
376 1189 393 1230 e
423 1173 567 1233 comoedia
598 1172 868 1246 Prendo-Piratine,
905 1188 976 1246 queo
1010 1173 1098 1245 uulgo
1129 1172 1264 1240 Querens

161 1283 280 1334 vnoatur
301 1284 330 1334 et
350 1278 385 1335 ab
407 1277 517 1336 Osnnno
537 1277 696 1335 Aululariae
721 1277 899 1350 inscriptione
920 1275 993 1334 edita
1015 1282 1066 1348 eat,
1088 1276 1265 1350 deprompsit.

161 1380 233 1437 loire
256 1375 511 1439 adversum1363
533 1380 673 1439 extricare
691 1381 819 1453 studebo,
839 1397 918 1455 prem
939 1387 1037 1440 auntor
1061 1379 1263 1452 significaverit.

245 1484 281 1542 V.
306 1479 373 1542 164.
415 1485 495 1542 Redit
520 1483 555 1542 ad
576 1484 686 1556 linguae
711 1483 821 1542 Latinae
847 1489 1040 1559 contemptum.
1082 1485 1135 1542 Rea
1161 1497 1260 1558 quem-

162 1603 242 1660 quam
274 1589 340 1644 snus
366 1588 507 1646 manifesta
531 1588 653 1661 videtur,
686 1588 770 1646 dictio
797 1595 887 1646 temen
908 1588 1054 1661 estraines,
1075 1587 1263 1662 quodiingnn

161 1697 295 1764 corrupta
321 1697 440 1749 vocatur
464 1709 558 1750 sermo
583 1693 739 1762 rotundus,
771 1692 860 1750 uerbo
884 1692 1028 1764 rotundo,
1060 1693 1096 1748 oi.
1123 1709 1149 1748 v.
1171 1686 1213 1748 68
1234 1699 1263 1750 et

165 1787 232 1851 143.
274 1795 359 1852 Huius
380 1795 488 1868 quidem
508 1811 573 1853 usne
598 1796 699 1852 nulium
725 1796 875 1869 exemplum
901 1801 981 1852 extra
1006 1811 1115 1852 tarmen
1139 1800 1262 1853 nostrum

161 1900 260 1971 reperi.
310 1898 463 1957 Similitudo
494 1900 612 1957 fortasse
643 1915 660 1955 r
685 1899 798 1956 nummis
823 1899 985 1973 deprompta
1010 1905 1053 1955 est
1078 1915 1128 1956 usn
1154 1899 1262 1956 detritis

161 2011 202 2074 et,
225 2020 286 2060 oum
307 2009 387 2061 natea
408 2003 557 2076 marginem
579 2001 711 2060 haberent
731 2003 879 2074 caelatam,
907 2019 977 2060 none
999 2002 1076 2076 quasi
1096 2003 1259 2060 rotundatis.

591 2683 625 2739 V·
652 2677 833 2741 165-450.

206 2846 252 2903 DE
274 2846 440 2906 JOHANNIS
462 2847 736 2908 snutsuultffiusts
756 2848 931 2908 oocuulut
951 2850 985 2906 IN
1007 2849 1212 2908 vultuosum,

610 3053 813 3068 m

244 3237 417 3310 Philosophia
428 3255 463 3296 ex
473 3239 604 3299 iohannis
615 3245 757 3317 sententia,
778 3259 865 3316 nuper
874 3236 1007 3314 singulari
1021 3241 1115 3299 libeiio
1126 3242 1258 3300 illustrata

158 3356 211 3415 per
221 3340 311 3398 Herm.
323 3341 478 3415 deuterum,
499 3360 579 3417 quem
593 3347 647 3404 fine
663 3346 798 3420 prooemii
816 3345 934 3417 laudavi,
956 3343 1110 3402 necessario
1127 3346 1258 3418 conjugio

157 3462 222 3502 num
233 3445 371 3502 rhetorice
385 3447 430 3504 vei
446 3453 505 3503 arte
521 3447 629 3506 dicendi
639 3450 767 3522 oopuiata
784 3457 825 3507 est
841 3451 882 3518 (v.
903 3442 1088 3515 185-220).
1109 3448 1168 3505 lion
1189 3465 1257 3506 uero

159 3549 327 3622 eonjugium,
349 3549 429 3606 siouti
438 3550 497 3623 ipsa
508 3552 692 3626 philosophia,
712 3552 820 3624 gratiae
828 3551 942 3611 Divinae
953 3551 1068 3608 debetur
1089 3553 1130 3619 (v.
1143 3544 1202 3608 221
1222 3583 1253 3591 -

159 3647 245 3719 244).
271 3653 364 3710 Gratia
379 3654 484 3727 respuit
505 3669 596 3712 oneum
617 3655 661 3712 vel
672 3656 781 3714 Fortem
797 3657 943 3714 Fortunam
964 3657 1006 3722 (v.
1029 3647 1208 3722 245-264]
1230 3661 1260 3710 et

158 3757 297 3814 desiderat
327 3755 434 3814 arbitrii
465 3757 617 3816 libertatem
648 3760 688 3824 (v.
721 3753 911 3826 265-276).
971 3757 1146 3831 Philosophia
1178 3758 1259 3817 animi

158 3859 422 3934 perturbationibus,
452 3861 575 3936 inprimis
602 3862 762 3936 superbiae,
789 3863 896 3921 inimica
924 3865 965 3931 (r.
993 3857 1189 3937 277-3ot)‚
1217 3870 1259 3922 est

158 3965 220 4022 veri
250 3965 300 4020 Dei
332 3980 409 4022 umor
441 3971 469 4021 et
500 3983 516 4022 a
552 3967 605 4023 fida
638 3965 789 4024 Christiana
821 3983 877 4025 non
909 3967 997 4025 aliena
1029 3983 1118 4041 neque
1149 3967 1257 4025 diuersa

158 4071 200 4134 (v.
222 4060 413 4134 305-324).
457 4067 565 4126 Ordinis
586 4069 633 4127 iliu
655 4070 775 4127 creatrix
796 4069 937 4143 inteiligit,
964 4071 1123 4144 meoiogine
1143 4071 1258 4144 primum

159 4171 363 4229 eoncedendum
396 4171 486 4230 iocum
518 4172 558 4239 (v.
592 4166 653 4230 325
679 4203 714 4212 —-
737 4167 828 4246 374);
860 4173 1010 4232 subieoturn
1041 4175 1086 4231 vel
1118 4174 1258 4231 materiem
