2906 5036
704 423 753 500 91

179 645 205 702 p.
234 622 309 698 151,
338 645 361 684 c.
388 623 424 700 8,
452 646 476 703 p.
505 621 582 700 186,
614 632 750 688 affirment
776 649 871 689 versus
899 629 987 687 nestri
1012 621 1073 685 874
1095 645 1149 700 sep,
1181 629 1231 700 qui
1256 627 1294 684 ad

178 732 275 789 tihrum
291 732 339 806 tv,
360 726 379 788 1
414 729 563 812 (περὶτῆς
584 727 664 810 ἀμφὶ
685 732 780 812 τιμῶν
792 729 967 810 ἐπιθυμίαν
977 721 1139 809 &scriptun
1161 725 1291 810 ἀρετῆς)

178 842 206 892 et
231 827 290 892 931
319 853 370 909 asp,
402 837 448 910 qui
481 837 515 893 ad
547 837 593 909 w,
626 835 660 910 5,
693 834 777 918 (περὶ
805 827 981 918 πραότητος
1004 835 1056 897 καὶ
1078 823 1293 917 ὀργιλότητος)

178 939 338 1012 respiciunt.
381 940 583 998 Dubitationem
605 943 713 1015 quidem
736 960 849 1000 movere
870 949 965 1016 potest
984 959 1010 1000 u.
1032 935 1102 997 935.
1140 942 1242 1011 „Haec
1263 947 1292 996 et

177 1041 354 1100 Aristoteles
373 1044 492 1114 sertas
513 1045 651 1102 docuisse
672 1047 826 1120 quuendo.
868 1047 939 1102 ltind
959 1048 1054 1118 secter
1077 1045 1203 1102 indicare
1224 1043 1292 1116 qui-

177 1145 238 1202 dem
260 1152 368 1219 potest,
401 1163 456 1204 non
478 1164 513 1206 ex
534 1149 596 1224 ipso
617 1150 768 1208 Aristotele
789 1152 857 1208 haec
884 1166 946 1207 esse
967 1151 1143 1223 deprompta,
1177 1149 1228 1205 sed
1254 1164 1291 1203 ex

177 1250 234 1306 atio
256 1250 374 1323 quodem
391 1257 520 1324 rectore,
542 1267 636 1310 verum
657 1255 757 1311 reterri
778 1256 859 1311 etiam
881 1259 975 1327 potest
995 1253 1030 1310 ad
1050 1268 1205 1308 sermonem
1228 1251 1291 1318 (tu-

177 1353 315 1428 quendo),
341 1356 386 1412 uel
407 1369 459 1428 eo,
486 1357 560 1429 quod
586 1373 602 1413 e
629 1360 830 1416 commentariis
861 1359 985 1415 notitiam
1011 1357 1146 1427 haeserit,
1173 1371 1232 1412 non
1254 1371 1291 1411 ex

178 1459 241 1530 ipso
262 1463 348 1530 textu,
370 1473 449 1531 quem
471 1467 583 1518 uocant.
627 1461 741 1519 Ethicos
768 1463 820 1520 hor
842 1462 929 1519 tihros
950 1468 1006 1517 tum
1028 1459 1182 1517 accuratius
1204 1458 1291 1515 inno-

178 1560 272 1633 tuisse‚
294 1576 346 1634 pro
369 1567 447 1618 certo
469 1561 528 1620 iere
549 1563 714 1636 habendum,
736 1565 799 1638 quia
821 1565 902 1622 etiam
914 1567 1015 1622 Scotus
1025 1565 1143 1635 Erigone
1166 1562 1292 1632 „Novem

176 1663 494 1722 initorrtiaAristotetia
516 1663 618 1722 libros“
640 1667 792 1740 scripserat
812 1675 881 1725 teste
898 1667 1026 1726 iohanne
1040 1667 1131 1722 Pitsee
1147 1666 1183 1721 de
1205 1658 1292 1722 rehus

176 1770 260 1841 Aegl.
284 1769 317 1827 ad
339 1787 436 1827 annum
458 1764 530 1843 884,
557 1787 584 1844 p.
608 1765 678 1828 169.
722 1772 776 1830 Sed
797 1772 939 1830 hannonis
966 1769 1179 1828 commentarios
1206 1769 1292 1825 eiad

176 1889 282 1930 manum
308 1873 391 1930 tuisse
417 1873 558 1948 suspicor,
585 1881 702 1948 propter
726 1875 861 1932 librorum
887 1876 968 1933 etiam
990 1875 1025 1930 de
1046 1875 1133 1930 coeto
1155 1873 1291 1944 uestigia,

176 1993 248 2051 quae
269 1975 295 2032 in
318 1977 380 2050 ipso
401 1983 499 2034 nostro
522 1981 640 2034 carmine
661 1995 688 2035 v.
713 1971 774 2035 831
799 1996 840 2052 sq.
863 1985 892 2035 et
910 1979 1010 2036 Policr.
1038 1979 1073 2050 11,
1096 1970 1145 2049 19,
1168 1982 1291 2032 exstant.

176 2079 253 2150 Quae
277 2080 348 2136 enim
374 2079 446 2154 apud
468 2081 556 2139 cicer.
584 2082 619 2138 de
644 2081 705 2139 Nat.
737 2083 821 2140 Denr.
848 2083 882 2155 11,
912 2076 961 2154 15,
991 2076 1029 2139 16
1051 2083 1163 2138 etTuac.
1185 2081 1208 2152 1,
1240 2074 1291 2152 10,

178 2185 323 2256 teguntur,
355 2200 410 2241 non
443 2199 475 2239 ea
503 2191 579 2256 aunt,
611 2200 646 2240 ex
673 2183 771 2257 quibus
797 2187 866 2243 haec
892 2185 1056 2259 deprompta
1083 2201 1145 2241 esse
1171 2183 1291 2257 possint.

179 2286 368 2346 Confitendum
396 2285 503 2360 quidem
530 2303 588 2343 rem
609 2301 670 2344 esse
690 2285 889 2360 difficiliorem,
917 2305 999 2360 quam
1025 2305 1095 2362 qnae
1115 2287 1211 2360 paucis
1235 2287 1291 2343 ah·-

177 2391 251 2448 soivi
272 2389 375 2464 possit,
395 2390 446 2447 aed
466 2405 536 2463 quae
558 2389 705 2463 disputavi,
732 2408 804 2449 nune
825 2407 860 2450 eo
882 2392 971 2449 minus
991 2391 1211 2465 praetermittere
1233 2407 1293 2448 uo·

176 2494 229 2567 tui,
258 2509 318 2552 eum
345 2511 421 2565 eum,
454 2494 500 2566 qui
528 2493 692 2552 nouissimus
722 2496 794 2552 hanc
820 2512 876 2552 rem
907 2497 1051 2568 tractavit,
1088 2495 1141 2551 hae
1171 2494 1292 2552 notitiae

177 2596 314 2671 tegerint,
335 2596 486 2656 terdenum
508 2597 571 2654 dico
603 2597 717 2671 eiusque
742 2598 918 2674 interpretem
951 2599 1090 2672 („Gesch.
1122 2599 1173 2655 ater
1198 2598 1289 2655 Arist.

176 2701 313 2760 Schriften
335 2701 370 2758 iru
392 2697 568 2758 hiitteialter“
590 2701 812 2775 contemmis,
834 2703 955 2760 Deotsch
975 2718 1033 2759 uon
1052 2701 1085 2759 A.
1111 2701 1218 2774 Stahr),
1241 2703 1291 2775 qui

176 2821 203 2877 p.
226 2797 287 2862 283
310 2802 462 2875 contendit,
483 2803 602 2860 iohanni
624 2809 720 2862 uestro
743 2805 832 2861 nultos
854 2807 923 2887 alios
939 2805 1094 2864 Aristotelis
1114 2805 1202 2862 tihros
1224 2821 1291 2863 esse

175 2909 274 2979 lectos,
297 2925 376 2981 quum
398 2906 445 2980 qui
467 2922 482 2964 a
504 2905 620 2964 Boethio
642 2905 734 2964 hutine
755 2908 829 2964 uersi
850 2909 941 2967 medie
964 2925 1035 2968 aeuo
1057 2908 1174 2968 omnium
1195 2909 1290 2968 maui-

174 3012 226 3069 hus
246 3011 306 3068 triti
327 3015 427 3068 esseut

260 3115 396 3173 Timaeum
422 3132 438 3171 a
465 3113 607 3172 Chalcidio
639 3131 748 3172 versum
780 3121 809 3172 et
839 3116 1041 3174 commentariis
1067 3115 1226 3173 instructum
1261 3117 1288 3174 ei

175 3222 260 3282 tuisse
294 3225 405 3291 notem,
439 3233 492 3292 pre
528 3225 605 3276 certo
621 3219 767 3282 ¹hahemus
799 3235 815 3276 e
846 3217 915 3276 toois
947 3219 976 3277 in
1007 3220 1171 3292 hietelegico
1204 3221 1232 3292 1,
1265 3214 1288 3277 8

175 3333 203 3384 et
222 3326 274 3398 w,
305 3317 326 3381 9
348 3323 454 3394 citetis,
482 3321 578 3394 quihus
600 3323 781 3380 conterendus
802 3322 972 3394 Augustinus
993 3325 1028 3380 de
1054 3324 1112 3382 civ.
1137 3323 1189 3381 Dei
1208 3323 1287 3396 vnr,

175 3447 199 3488 o.
238 3422 285 3486 11.
336 3427 391 3486 Sed
423 3441 479 3484 uon
510 3425 575 3484 artis
609 3433 736 3483 accurate
762 3426 899 3497 distinxit,
937 3442 1008 3500 quos
1041 3434 1161 3485 ueterum
1195 3427 1287 3485 libros

174 3535 235 3608 ipse
267 3529 382 3604 legerit,
415 3543 484 3601 quos
519 3545 553 3584 ex
581 3529 648 3586 setis
681 3530 796 3586 eliorum
829 3528 993 3587 testimoniis
1025 3531 1152 3589 attulerit.
1196 3531 1286 3588 Sicuti

173 3636 330 3696 Aristotelis
361 3633 532 3690 Problemata
564 3649 619 3691 nen
652 3633 712 3707 ipse
734 3632 815 3706 tegit,
854 3631 881 3688 id
914 3634 991 3706 quod
1022 3634 1180 3692 Thorlacius
1212 3635 1285 3693 falso

175 3739 302 3812 eredidit,
324 3737 373 3796 sed
395 3737 596 3810 totumlocum,
617 3753 697 3810 quem
719 3754 753 3794 ex
774 3737 829 3793 hoc
851 3751 938 3808 opere
959 3737 1060 3796 Potior.
1081 3739 1123 3811 V,
1145 3732 1164 3794 6
1186 3737 1285 3813 eh'ert,

174 3844 209 3902 ud
235 3843 348 3902 verhum
387 3857 404 3898 e
435 3839 514 3898 Gellii
545 3841 677 3898 Noctibus
709 3840 808 3898 Atticis
841 3839 922 3911 (111,
955 3834 1000 3912 6)
1042 3841 1204 3916 exscripsit,
1244 3844 1285 3902 ita

174 3963 264 4021 neque
291 3962 361 4020 quae
382 3943 482 4002 Potior.
503 3943 577 4017 11111,
599 3939 629 4017 2,
652 3961 668 4000 e
689 3943 842 4001 Rhetoricis
865 3942 1029 4018 efferuntur,
1051 3946 1180 4020 probant,
1206 3947 1287 4020 ipsos

174 4049 382 4110 Rhetoricorum
414 4049 501 4107 tihros
533 4050 559 4106 ei
593 4050 630 4108 ob
669 4050 767 4106 oculos
799 4047 889 4104 tuisse.
942 4048 1036 4123 Neque
1075 4051 1156 4107 ultum
1189 4051 1286 4108 Theo-

174 4154 280 4230 phrasti
306 4171 377 4230 opus
403 4153 485 4227 tegit,
515 4153 585 4212 tiber
606 4154 677 4211 enim
698 4154 738 4213 De
759 4150 866 4209 Divitiis
888 4151 915 4207 ei
943 4167 999 4210 nnn
1026 4153 1078 4211 nisi
1105 4171 1120 4211 e
1146 4153 1287 4214 cicerone
