2914 4996
737 399 937 514 A.

466 599 533 664 llcc
546 599 614 664 sine
630 618 720 666 nemo
737 603 825 684 sapit,
847 601 930 666 louet
945 601 1026 664 bunc
1040 601 1130 664 timor
1140 600 1190 663 ille
1200 601 1318 678 beatus,

557 717 616 794 Qui
638 716 689 781 dat
708 719 900 801 principium,
921 718 1125 802 Philosophia,
1146 718 1208 780 tibi.

467 834 577 898 imaus
598 833 648 896 bic
668 841 806 900 sanatum
826 837 918 898 timor
938 835 1099 898 introducit
1120 851 1266 912 amorem,

364 950 437 1014 700.
553 950 620 1014 lloc
641 951 674 1014 iit
693 952 786 1016 bomo
807 954 942 1036 sapiens,
963 952 1023 1016 hoc
1043 951 1077 1014 iit
1097 969 1202 1014 amore
1223 951 1318 1014 Deus.

183 1081 207 1109 ⁰⁰
244 1081 292 1109 ⁰¹²⁰·
333 1080 367 1109 ³¹¹·
471 1066 584 1130 Natom
604 1067 689 1132 Deus
712 1074 760 1131 est
779 1085 869 1147 unus,
890 1067 946 1131 sed
966 1085 1091 1131 munere
1111 1067 1229 1150 plures,

304 1152 356 1180 m
554 1183 655 1248 Gratia
676 1199 755 1266 qnos
777 1201 888 1248 numen
909 1185 1091 1267 participare
1110 1183 1191 1247 lacit

467 1301 580 1366 Natura
599 1301 685 1366 Deus
707 1307 754 1364 est
775 1317 864 1380 unus,
887 1301 944 1365 sed
965 1301 1060 1382 gmtio
1081 1300 1192 1363 multos

553 1416 720 1482 consortes
741 1417 837 1482 voluit
858 1415 987 1482 numinis
1009 1433 1079 1480 esse
1099 1416 1157 1479 sui.

164 1527 435 1638 offifflfflffi·
468 1535 543 1600 Nam
563 1540 651 1618 pater
671 1541 702 1598 et
722 1539 812 1597 natus
832 1553 901 1597 cum
917 1535 1038 1598 ilamina
1052 1532 1217 1596 suntDeus
1229 1551 1319 1611 uuus,

176 1676 238 1708 omen
253 1670 351 1710 dissueto
552 1651 614 1717 Sed
623 1652 754 1716 retinent
763 1652 921 1734 proprium
931 1668 1065 1734 prosopa
1072 1669 1213 1731 quaeque
1219 1667 1318 1713 sunm.

194 1753 209 1864 θ’
235 1742 331 1864 ζὴὛ
353 1837 364 1863 ⁶
468 1768 534 1834 Sint
553 1769 625 1832 licet
644 1769 733 1832 unius
755 1776 892 1848 naturae,
912 1768 1052 1846 numinis,
1074 1771 1170 1844 actus,

164 1896 363 1976 unumunurn
552 1884 723 1949 censentur
743 1886 876 1967 propriis
897 1901 1032 1967 prosopa
1051 1901 1193 1965 quaeque
1215 1885 1290 1947 suis.

163 1978 208 2004 Μ
252 1977 294 2005 '⁸‘
317 1979 362 2017 ψ’
466 2001 557 2066 Filius
579 2003 693 2066 aeterni
714 2003 808 2084 patris
830 2009 860 2064 et
879 2003 1007 2084 virginis
1028 2001 1124 2063 nlmne

362 2117 433 2182 710.
549 2117 662 2182 Nabim
682 2118 767 2182 Dens
788 2126 844 2198 cst,
864 2137 992 2182 munere
1012 2117 1109 2181 factus
1129 2116 1234 2179 homo.

465 2233 600 2300 Muneris
622 2241 678 2313 cst,
700 2235 784 2316 quod
805 2235 898 2300 bomo
914 2253 1006 2298 verus
1022 2233 1207 2298 verusDeus
1225 2233 1315 2313 idem,

549 2351 730 2433 Exacquans
751 2353 865 2416 meritis
886 2353 1021 2434 praemia
1042 2350 1128 2415 lance
1148 2351 1226 2432 pari,

365 2555 367 2559 Ι
466 2468 503 2532 lit
524 2469 607 2550 qnod
629 2487 698 2532 eum
719 2468 808 2532 llexis
830 2469 959 2550 genibus
980 2486 1032 2532 res
1054 2468 1150 2530 omnis
1173 2465 1281 2531 adorat

547 2584 775 2666 Aequalemquc
796 2585 864 2648 Deo
885 2585 1042 2668 praedicnt
1063 2601 1133 2648 esse
1153 2585 1241 2666 patri.

362 2699 432 2763 715.
466 2700 504 2764 Et
525 2701 576 2782 qui
597 2707 678 2764 tanta
698 2703 791 2784 patris
813 2702 933 2784 occepit
951 2720 1079 2766 munera
1100 2701 1204 2784 gratis,

550 2816 612 2882 Scit
633 2817 706 2880 dare
727 2818 867 2881 militibus
890 2819 1002 2900 optima
1024 2818 1104 2881 dona
1127 2818 1200 2896 suis,

464 2931 631 3016 Acceptum
653 2951 762 2996 munus
784 2935 928 3018 dedignat
948 2935 1034 2999 sobrs
1055 2935 1179 3013 babere,
1245 2945 1248 2949 ·

550 3049 636 3124 Quos
657 3056 745 3129 amat,
765 3051 893 3114 illustrat
914 3051 1036 3116 etfacit
1057 3069 1126 3114 csse
1147 3051 1241 3129 Deos,

464 3166 606 3230 Provehit
626 3165 665 3230 ad
681 3183 839 3246 summum,
861 3185 939 3250 quos
955 3169 1052 3250 gratia
1068 3173 1164 3232 mater
1178 3165 1309 3250 adoptat,

360 3281 430 3346 720.
548 3281 668 3364 Proque
689 3284 787 3364 gradu
808 3287 905 3348 meriti
925 3303 1043 3348 summa
1063 3292 1169 3349 tenere
1190 3282 1269 3348 iacit

426 3517 459 3568 V.
467 3515 527 3569 citt.
553 3514 596 3567 Λᾶ
612 3529 671 3568 nnc.
688 3517 758 3568 bunc
775 3520 853 3570 tirum·
868 3520 914 3570 illc
922 3525 972 3570 otc.
986 3519 1077 3581 glossa
1085 3520 1154 3570 inter
1163 3519 1246 3570 lineas
1256 3519 1308 3570 inL

359 3585 435 3634 haec:
463 3587 541 3636 timor
556 3584 666 3634 Domini
682 3591 790 3634 sanctus
806 3600 828 3634 t.
845 3592 935 3636 manet
949 3589 980 3635 ic
996 3599 1017 3634 s.
1051 3588 1084 3636 V.
1102 3585 1162 3636 698.
1184 3584 1236 3637 Ad.
1254 3599 1307 3637 voc.

356 3651 523 3714 principium
540 3649 628 3712 glossa
646 3649 769 3700 interlin.
779 3651 843 3702 baec
859 3651 886 3702 in
896 3653 928 3702 L:
946 3653 1054 3702 initium
1070 3655 1217 3715 sapientiae
1234 3654 1308 3703 timor

358 3718 476 3768 Domini.
510 3716 543 3766 V.
554 3715 611 3766 701.
628 3715 693 3779 Arg.
703 3731 732 3766 cx
740 3719 787 3766 Lm
798 3720 982 3780 depromptum
992 3719 1019 3770 in
1028 3721 1082 3770 Hm
1093 3720 1177 3770 deest.
1210 3720 1244 3770 V.
1254 3717 1307 3769 705.

357 3780 422 3846 Arg.
441 3783 518 3845 Quod
533 3785 782 3842 trespcrsonaeetc.
799 3786 856 3845 Lm,
874 3791 928 3836 tres
946 3798 1075 3846 personae
1093 3791 1157 3834 sunt
1173 3785 1231 3835 suis
1248 3799 1307 3847 pro-

358 3849 515 3912 prietatibus
538 3849 691 3910 distinctae,
717 3864 788 3900 unus
809 3857 897 3902 tamen
920 3853 993 3902 Dcus
1011 3854 1073 3902 Hm.
1113 3854 1145 3903 V.
1164 3851 1221 3902 707.
1246 3849 1307 3914 Arg.

359 3931 389 3967 ex
405 3916 452 3966 Lm
472 3917 656 3977 depromptum
674 3917 702 3967 in
719 3917 771 3966 lim
790 3919 873 3968 deest.
907 3920 940 3969 V.
951 3916 1009 3968 716.
1028 3919 1083 3969 Scit
1101 3919 1164 3968 dare
1181 3917 1306 3969 militibus

357 3984 378 4032 L
396 3987 422 4032 ct
438 3983 472 4042 Η,
490 3982 531 4033 vel
550 3981 658 4044 largitur
674 3983 801 4034 membris
819 3986 876 4035 Lm.
910 3986 943 4037 V.
962 3983 1020 4036 titt.
1042 3985 1167 4036 Provcbit
1184 3987 1217 4038 ad
1234 3998 1307 4036 sum-

358 4061 432 4099 mum
449 4050 498 4100 Lm
521 4045 675 4114 (correctio)
699 4054 724 4100 et
741 4049 778 4110 H,
806 4051 844 4101 sic
866 4057 1034 4114 superasses
1051 4051 1168 4103 vebitL.
1203 4052 1235 4103 V.
1253 4050 1306 4102 720.

356 4128 466 4234 ῧυιηηιῖ
480 4119 569 4167 teucro
586 4115 648 4168 iacit
663 4118 711 4168 Lm
730 4113 887 4184 (correctio)
912 4124 936 4170 et
952 4119 987 4180 Η,
1005 4119 1106 4172 sanccii
1123 4115 1190 4184 (sic)
1208 4119 1236 4169 iu
1253 4131 1306 4170 arce

383 4195 429 4233 ecs
469 4217 476 4233 .
