<?xml version="1.0" encoding="UTF-8"?>
<!DOCTYPE html PUBLIC "-//W3C//DTD XHTML 1.0 Transitional//EN"
    "http://www.w3.org/TR/xhtml1/DTD/xhtml1-transitional.dtd">
<html xmlns="http://www.w3.org/1999/xhtml" xml:lang="en" lang="en">
 <head>
  <title>
</title>
<meta http-equiv="Content-Type" content="text/html;charset=utf-8" />
  <meta name='ocr-system' content='tesseract 3.04.00' />
  <meta name='ocr-capabilities' content='ocr_page ocr_carea ocr_par ocr_line ocrx_word'/>
</head>
<body>
  <div class='ocr_page' id='page_1' title='image "./johannissaresbe00johngoog/johannissaresbe00johngoog_0091.png"; bbox 0 0 2912 4976; ppageno 0'>
   <div class='ocr_carea' id='block_1_1' title="bbox 765 450 830 563">
    <p class='ocr_par' dir='ltr' id='par_1_1' title="bbox 688 401 917 563">
     <span class='ocr_line' id='line_1_1' title="bbox 765 450 830 563; baseline -0.004 -1.336"><span class='ocrx_word' id='word_1_1' title='bbox 688 450 830 563; x_wconf 61' lang='lat' dir='ltr'><strong>„se</strong></span> 
     </span>
    </p>
   </div>
   <div class='ocr_carea' id='block_1_2' title="bbox 114 648 1266 4222">
    <p class='ocr_par' dir='ltr' id='par_1_2' title="bbox 114 648 1266 4222">
     <span class='ocr_line' id='line_1_2' title="bbox 440 648 1213 736; baseline 0.006 -25"><span class='ocrx_word' id='word_1_2' title='bbox 440 649 502 712; x_wconf 88' lang='lat' dir='ltr'><strong>llos</strong></span> <span class='ocrx_word' id='word_1_3' title='bbox 524 648 643 712; x_wconf 84' lang='lat' dir='ltr'><strong>humilis</strong></span> <span class='ocrx_word' id='word_1_4' title='bbox 666 653 782 715; x_wconf 88' lang='lat' dir='ltr'><strong>cautela</strong></span> <span class='ocrx_word' id='word_1_5' title='bbox 805 651 882 734; x_wconf 82' lang='lat' dir='ltr'><strong>tagit</strong></span> <span class='ocrx_word' id='word_1_6' title='bbox 902 653 1058 734; x_wconf 84' lang='lat' dir='ltr'><strong>uirtusque</strong></span> <span class='ocrx_word' id='word_1_7' title='bbox 1079 654 1213 736; x_wconf 86' lang='lat' dir='ltr'><strong>probata,</strong></span> 
     </span>
     <span class='ocr_line' id='line_1_3' title="bbox 525 765 1261 851; baseline 0.001 -21"><span class='ocrx_word' id='word_1_8' title='bbox 525 765 586 830; x_wconf 88' lang='lat' dir='ltr'><strong>Sed</strong></span> <span class='ocrx_word' id='word_1_9' title='bbox 613 773 711 832; x_wconf 89' lang='lat' dir='ltr'><strong>tamen</strong></span> <span class='ocrx_word' id='word_1_10' title='bbox 738 766 886 832; x_wconf 88' lang='lat' dir='ltr'><strong>interdum</strong></span> <span class='ocrx_word' id='word_1_11' title='bbox 912 768 990 832; x_wconf 85' lang='lat' dir='ltr'><strong>livor</strong></span> <span class='ocrx_word' id='word_1_12' title='bbox 1011 775 1168 851; x_wconf 85' lang='lat' dir='ltr'><strong>utramque</strong></span> <span class='ocrx_word' id='word_1_13' title='bbox 1189 769 1261 832; x_wconf 85' lang='lat' dir='ltr'><strong>ferit.</strong></span> 
     </span>
     <span class='ocr_line' id='line_1_4' title="bbox 130 883 1222 970; baseline 0.007 -30"><span class='ocrx_word' id='word_1_14' title='bbox 130 904 157 941; x_wconf 74' lang='grc' dir='ltr'><strong>υ.</strong></span> <span class='ocrx_word' id='word_1_15' title='bbox 171 903 309 950; x_wconf 56' lang='lat' dir='ltr'><strong>rammam</strong></span> <span class='ocrx_word' id='word_1_16' title='bbox 444 883 511 944; x_wconf 89' lang='lat' dir='ltr'><strong>Non</strong></span> <span class='ocrx_word' id='word_1_17' title='bbox 535 889 581 944; x_wconf 87' lang='lat' dir='ltr'><strong>est</strong></span> <span class='ocrx_word' id='word_1_18' title='bbox 602 888 670 966; x_wconf 90' lang='lat' dir='ltr'><strong>apta</strong></span> <span class='ocrx_word' id='word_1_19' title='bbox 692 883 786 966; x_wconf 83' lang='lat' dir='ltr'><strong>loqui,</strong></span> <span class='ocrx_word' id='word_1_20' title='bbox 808 884 863 948; x_wconf 89' lang='lat' dir='ltr'><strong>sed</strong></span> <span class='ocrx_word' id='word_1_21' title='bbox 884 884 994 948; x_wconf 89' lang='lat' dir='ltr'><strong>sordes</strong></span> <span class='ocrx_word' id='word_1_22' title='bbox 1014 885 1132 970; x_wconf 86' lang='lat' dir='ltr'><strong>lingere</strong></span> <span class='ocrx_word' id='word_1_23' title='bbox 1153 893 1222 949; x_wconf 88' lang='lat' dir='ltr'><strong>nata</strong></span> 
     </span>
     <span class='ocr_line' id='line_1_5' title="bbox 320 998 1263 1084; baseline 0.004 -24"><span class='ocrx_word' id='word_1_24' title='bbox 320 998 408 1062; x_wconf 90' lang='grc'>1730.</span> <span class='ocrx_word' id='word_1_25' title='bbox 526 998 643 1080; x_wconf 85' lang='lat' dir='ltr'><strong>Lingua</strong></span> <span class='ocrx_word' id='word_1_26' title='bbox 655 999 777 1082; x_wconf 82' lang='lat' dir='ltr'><strong>loquax,</strong></span> <span class='ocrx_word' id='word_1_27' title='bbox 794 1019 915 1084; x_wconf 88' lang='lat' dir='ltr'><strong>semper</strong></span> <span class='ocrx_word' id='word_1_28' title='bbox 926 1000 964 1064; x_wconf 92' lang='lat' dir='ltr'><strong>ad</strong></span> <span class='ocrx_word' id='word_1_29' title='bbox 975 1000 1130 1066; x_wconf 87' lang='lat' dir='ltr'><strong>maledicta</strong></span> <span class='ocrx_word' id='word_1_30' title='bbox 1141 1020 1263 1084; x_wconf 86' lang='lat' dir='ltr'><strong>procax.</strong></span> 
     </span>
     <span class='ocr_line' id='line_1_6' title="bbox 441 1114 1199 1200; baseline 0.004 -22"><span class='ocrx_word' id='word_1_31' title='bbox 441 1114 596 1198; x_wconf 83' lang='lat' dir='ltr'><strong>Euphorbi</strong></span> <span class='ocrx_word' id='word_1_32' title='bbox 619 1115 720 1178; x_wconf 81' lang='lat' dir='ltr'>rabies</span> <span class='ocrx_word' id='word_1_33' title='bbox 742 1117 800 1180; x_wconf 86' lang='lat' dir='ltr'><strong>hac</strong></span> <span class='ocrx_word' id='word_1_34' title='bbox 821 1123 908 1200; x_wconf 88' lang='lat' dir='ltr'><strong>peste</strong></span> <span class='ocrx_word' id='word_1_35' title='bbox 929 1116 1048 1180; x_wconf 91' lang='lat' dir='ltr'><strong>laborat</strong></span> <span class='ocrx_word' id='word_1_36' title='bbox 1067 1119 1199 1200; x_wconf 80' lang='lat' dir='ltr'>agitque,</span> 
     </span>
     <span class='ocr_line' id='line_1_7' title="bbox 524 1230 1132 1316; baseline 0.005 -23"><span class='ocrx_word' id='word_1_37' title='bbox 524 1230 625 1294; x_wconf 86' lang='lat' dir='ltr'><strong>Gratia</strong></span> <span class='ocrx_word' id='word_1_38' title='bbox 647 1250 686 1293; x_wconf 85' lang='lat' dir='ltr'><strong>me</strong></span> <span class='ocrx_word' id='word_1_39' title='bbox 709 1234 811 1316; x_wconf 83' lang='lat' dir='ltr'><strong>vigeat</strong></span> <span class='ocrx_word' id='word_1_40' title='bbox 831 1234 896 1296; x_wconf 88' lang='lat' dir='ltr'><strong>sive</strong></span> <span class='ocrx_word' id='word_1_41' title='bbox 918 1231 1015 1296; x_wconf 84' lang='lat' dir='ltr'><strong>fidelis</strong></span> <span class='ocrx_word' id='word_1_42' title='bbox 1039 1251 1132 1312; x_wconf 90' lang='lat' dir='ltr'><strong>amor,</strong></span> 
     </span>
     <span class='ocr_line' id='line_1_8' title="bbox 439 1348 1264 1432; baseline 0.001 -22"><span class='ocrx_word' id='word_1_43' title='bbox 439 1348 484 1412; x_wconf 90' lang='lat' dir='ltr'><strong>Ne</strong></span> <span class='ocrx_word' id='word_1_44' title='bbox 497 1366 556 1429; x_wconf 89' lang='lat' dir='ltr'><strong>qua</strong></span> <span class='ocrx_word' id='word_1_45' title='bbox 568 1348 676 1412; x_wconf 88' lang='lat' dir='ltr'><strong>domus</strong></span> <span class='ocrx_word' id='word_1_46' title='bbox 686 1367 793 1432; x_wconf 89' lang='lat' dir='ltr'><strong>pacem</strong></span> <span class='ocrx_word' id='word_1_47' title='bbox 806 1355 916 1426; x_wconf 87' lang='lat' dir='ltr'><strong>teneat,</strong></span> <span class='ocrx_word' id='word_1_48' title='bbox 928 1367 968 1413; x_wconf 86' lang='lat' dir='ltr'><strong>ne</strong></span> <span class='ocrx_word' id='word_1_49' title='bbox 979 1349 1109 1412; x_wconf 89' lang='lat' dir='ltr'><strong>claustra</strong></span> <span class='ocrx_word' id='word_1_50' title='bbox 1120 1351 1264 1431; x_wconf 85' lang='lat' dir='ltr'><strong>quietem:</strong></span> 
     </span>
     <span class='ocr_line' id='line_1_9' title="bbox 524 1463 1172 1548; baseline 0.002 -20"><span class='ocrx_word' id='word_1_51' title='bbox 524 1463 616 1528; x_wconf 87' lang='lat' dir='ltr'><strong>Curia</strong></span> <span class='ocrx_word' id='word_1_52' title='bbox 637 1482 676 1528; x_wconf 91' lang='lat' dir='ltr'><strong>ne</strong></span> <span class='ocrx_word' id='word_1_53' title='bbox 699 1466 823 1546; x_wconf 84' lang='lat' dir='ltr'><strong>quaevis</strong></span> <span class='ocrx_word' id='word_1_54' title='bbox 845 1471 907 1529; x_wconf 88' lang='lat' dir='ltr'><strong>tuta</strong></span> <span class='ocrx_word' id='word_1_55' title='bbox 929 1483 1052 1529; x_wconf 87' lang='lat' dir='ltr'><strong>manere</strong></span> <span class='ocrx_word' id='word_1_56' title='bbox 1074 1473 1172 1548; x_wconf 87' lang='lat' dir='ltr'><strong>queat.</strong></span> 
     </span>
     <span class='ocr_line' id='line_1_10' title="bbox 319 1581 1264 1665; baseline 0.001 -21"><span class='ocrx_word' id='word_1_57' title='bbox 319 1583 405 1646; x_wconf 84' lang='grc'>1735.</span> <span class='ocrx_word' id='word_1_58' title='bbox 440 1582 556 1664; x_wconf 73' lang='lat' dir='ltr'><strong>lingua</strong></span> <span class='ocrx_word' id='word_1_59' title='bbox 568 1599 684 1644; x_wconf 88' lang='lat' dir='ltr'><strong>nocens</strong></span> <span class='ocrx_word' id='word_1_60' title='bbox 695 1581 803 1665; x_wconf 91' lang='lat' dir='ltr'><strong>planos</strong></span> <span class='ocrx_word' id='word_1_61' title='bbox 815 1582 969 1662; x_wconf 89' lang='lat' dir='ltr'><strong>incrustat,</strong></span> <span class='ocrx_word' id='word_1_62' title='bbox 980 1590 1085 1646; x_wconf 86' lang='lat' dir='ltr'><strong>sancta</strong></span> <span class='ocrx_word' id='word_1_63' title='bbox 1095 1583 1264 1665; x_wconf 87' lang='lat' dir='ltr'><strong>prophanat</strong></span> 
     </span>
     <span class='ocr_line' id='line_1_11' title="bbox 523 1697 1240 1781; baseline -0.001 -19"><span class='ocrx_word' id='word_1_64' title='bbox 523 1697 651 1780; x_wconf 82' lang='lat' dir='ltr'><strong>Semper</strong></span> <span class='ocrx_word' id='word_1_65' title='bbox 673 1703 703 1758; x_wconf 89' lang='lat' dir='ltr'><strong>et</strong></span> <span class='ocrx_word' id='word_1_66' title='bbox 724 1697 754 1758; x_wconf 88' lang='lat' dir='ltr'><strong>iu</strong></span> <span class='ocrx_word' id='word_1_67' title='bbox 776 1704 904 1762; x_wconf 86' lang='lat' dir='ltr'><strong>cunctos</strong></span> <span class='ocrx_word' id='word_1_68' title='bbox 926 1699 1027 1761; x_wconf 87' lang='lat' dir='ltr'><strong>toxica</strong></span> <span class='ocrx_word' id='word_1_69' title='bbox 1048 1715 1141 1762; x_wconf 86' lang='lat' dir='ltr'><strong>saeva</strong></span> <span class='ocrx_word' id='word_1_70' title='bbox 1157 1700 1240 1781; x_wconf 84' lang='lat' dir='ltr'><strong>jacit</strong></span> 
     </span>
     <span class='ocr_line' id='line_1_12' title="bbox 151 1813 1266 1896; baseline 0.005 -26"><span class='ocrx_word' id='word_1_71' title='bbox 151 1833 179 1871; x_wconf 63' lang='lat' dir='ltr'><strong>aa</strong></span> <span class='ocrx_word' id='word_1_72' title='bbox 193 1832 282 1870; x_wconf 65' lang='lat' dir='ltr'><strong>roem.</strong></span> <span class='ocrx_word' id='word_1_73' title='bbox 445 1813 595 1894; x_wconf 84' lang='lat' dir='ltr'><strong>Quicquid</strong></span> <span class='ocrx_word' id='word_1_74' title='bbox 616 1813 715 1890; x_wconf 89' lang='lat' dir='ltr'><strong>habet,</strong></span> <span class='ocrx_word' id='word_1_75' title='bbox 738 1831 939 1896; x_wconf 88' lang='lat' dir='ltr'><strong>quaecuuque</strong></span> <span class='ocrx_word' id='word_1_76' title='bbox 960 1820 1070 1896; x_wconf 88' lang='lat' dir='ltr'><strong>potest,</strong></span> <span class='ocrx_word' id='word_1_77' title='bbox 1093 1815 1217 1896; x_wconf 80' lang='lat' dir='ltr'>exponit</span> <span class='ocrx_word' id='word_1_78' title='bbox 1237 1821 1266 1876; x_wconf 88' lang='lat' dir='ltr'><strong>et</strong></span> 
     </span>
     <span class='ocr_line' id='line_1_13' title="bbox 941 1907 1065 1993; baseline 0.008 -1"><span class='ocrx_word' id='word_1_79' title='bbox 941 1907 1065 1993; x_wconf 45' lang='lat' dir='ltr'><strong>&#39;ollert</strong></span> 
     </span>
     <span class='ocr_line' id='line_1_14' title="bbox 522 2045 1194 2128; baseline -0.001 -20"><span class='ocrx_word' id='word_1_80' title='bbox 522 2045 655 2108; x_wconf 79' lang='lat' dir='ltr'><strong>Baccara</strong></span> <span class='ocrx_word' id='word_1_81' title='bbox 676 2051 768 2128; x_wconf 88' lang='lat' dir='ltr'><strong>teque</strong></span> <span class='ocrx_word' id='word_1_82' title='bbox 789 2047 852 2110; x_wconf 89' lang='lat' dir='ltr'><strong>suis</strong></span> <span class='ocrx_word' id='word_1_83' title='bbox 874 2046 966 2110; x_wconf 90' lang='lat' dir='ltr'><strong>rebus</strong></span> <span class='ocrx_word' id='word_1_84' title='bbox 989 2063 1083 2128; x_wconf 84' lang='lat' dir='ltr'><strong>egere</strong></span> <span class='ocrx_word' id='word_1_85' title='bbox 1104 2052 1194 2124; x_wconf 84' lang='lat' dir='ltr'><strong>uetat,</strong></span> 
     </span>
     <span class='ocr_line' id='line_1_15' title="bbox 440 2161 1230 2246; baseline -0.001 -21"><span class='ocrx_word' id='word_1_86' title='bbox 440 2161 570 2225; x_wconf 85' lang='lat' dir='ltr'><strong>Grandia</strong></span> <span class='ocrx_word' id='word_1_87' title='bbox 592 2161 745 2244; x_wconf 88' lang='lat' dir='ltr'><strong>promittit,</strong></span> <span class='ocrx_word' id='word_1_88' title='bbox 766 2179 825 2226; x_wconf 89' lang='lat' dir='ltr'><strong>nec</strong></span> <span class='ocrx_word' id='word_1_89' title='bbox 845 2181 940 2246; x_wconf 88' lang='lat' dir='ltr'><strong>parva</strong></span> <span class='ocrx_word' id='word_1_90' title='bbox 961 2162 1094 2242; x_wconf 85' lang='lat' dir='ltr'><strong>daturus,</strong></span> <span class='ocrx_word' id='word_1_91' title='bbox 1116 2163 1230 2226; x_wconf 90' lang='lat' dir='ltr'><strong>amicos</strong></span> 
     </span>
     <span class='ocr_line' id='line_1_16' title="bbox 320 2277 1239 2361; baseline 0.001 -22"><span class='ocrx_word' id='word_1_92' title='bbox 320 2280 406 2342; x_wconf 80' lang='grc'>1710.</span> <span class='ocrx_word' id='word_1_93' title='bbox 524 2278 574 2343; x_wconf 87' lang='lat' dir='ltr'><strong>Sic</strong></span> <span class='ocrx_word' id='word_1_94' title='bbox 596 2277 675 2357; x_wconf 88' lang='lat' dir='ltr'><strong>beat,</strong></span> <span class='ocrx_word' id='word_1_95' title='bbox 697 2284 731 2340; x_wconf 94' lang='lat' dir='ltr'><strong>ut</strong></span> <span class='ocrx_word' id='word_1_96' title='bbox 751 2279 861 2342; x_wconf 86' lang='lat' dir='ltr'><strong>nullam</strong></span> <span class='ocrx_word' id='word_1_97' title='bbox 883 2286 981 2342; x_wconf 90' lang='lat' dir='ltr'><strong>sumat</strong></span> <span class='ocrx_word' id='word_1_98' title='bbox 1001 2296 1118 2361; x_wconf 84' lang='lat' dir='ltr'><strong>egenus</strong></span> <span class='ocrx_word' id='word_1_99' title='bbox 1141 2297 1239 2361; x_wconf 90' lang='lat' dir='ltr'><strong>opem.</strong></span> 
     </span>
     <span class='ocr_line' id='line_1_17' title="bbox 439 2394 1265 2478; baseline -0.001 -19"><span class='ocrx_word' id='word_1_100' title='bbox 439 2394 470 2459; x_wconf 92' lang='lat' dir='ltr'><strong>Si</strong></span> <span class='ocrx_word' id='word_1_101' title='bbox 489 2395 567 2476; x_wconf 89' lang='lat' dir='ltr'><strong>petis</strong></span> <span class='ocrx_word' id='word_1_102' title='bbox 584 2394 738 2474; x_wconf 81' lang='lat' dir='ltr'><strong>auxilium,</strong></span> <span class='ocrx_word' id='word_1_103' title='bbox 750 2401 842 2478; x_wconf 87' lang='lat' dir='ltr'><strong>negat</strong></span> <span class='ocrx_word' id='word_1_104' title='bbox 857 2395 927 2474; x_wconf 83' lang='lat' dir='ltr'><strong>hoc,</strong></span> <span class='ocrx_word' id='word_1_105' title='bbox 943 2397 969 2460; x_wconf 90' lang='lat' dir='ltr'><strong>si</strong></span> <span class='ocrx_word' id='word_1_106' title='bbox 987 2395 1131 2474; x_wconf 86' lang='lat' dir='ltr'><strong>consulis,</strong></span> <span class='ocrx_word' id='word_1_107' title='bbox 1147 2394 1265 2473; x_wconf 83' lang='lat' dir='ltr'><strong>haeret3</strong></span> 
     </span>
     <span class='ocr_line' id='line_1_18' title="bbox 521 2509 1264 2594; baseline -0.003 -20"><span class='ocrx_word' id='word_1_108' title='bbox 521 2509 605 2590; x_wconf 84' lang='lat' dir='ltr'><strong>Ergo</strong></span> <span class='ocrx_word' id='word_1_109' title='bbox 623 2510 694 2591; x_wconf 85' lang='lat' dir='ltr'><strong>quid</strong></span> <span class='ocrx_word' id='word_1_110' title='bbox 711 2511 878 2594; x_wconf 84' lang='lat' dir='ltr'><strong>expectas?</strong></span> <span class='ocrx_word' id='word_1_111' title='bbox 898 2509 1032 2574; x_wconf 91' lang='lat' dir='ltr'><strong>Baccara</strong></span> <span class='ocrx_word' id='word_1_112' title='bbox 1053 2529 1175 2594; x_wconf 89' lang='lat' dir='ltr'><strong>semper</strong></span> <span class='ocrx_word' id='word_1_113' title='bbox 1195 2512 1264 2574; x_wconf 89' lang='lat' dir='ltr'><strong>erit.</strong></span> 
     </span>
     <span class='ocr_line' id='line_1_19' title="bbox 161 2625 1183 2704; baseline 0.003 -17"><span class='ocrx_word' id='word_1_114' title='bbox 161 2664 188 2703; x_wconf 72' lang='lat' dir='ltr'><strong>m</strong></span> <span class='ocrx_word' id='word_1_115' title='bbox 202 2664 263 2702; x_wconf 54' lang='lat' dir='ltr'><strong>„m</strong></span> <span class='ocrx_word' id='word_1_116' title='bbox 444 2625 631 2704; x_wconf 86' lang='lat' dir='ltr'><strong>Garrulitate,</strong></span> <span class='ocrx_word' id='word_1_117' title='bbox 653 2626 732 2690; x_wconf 88' lang='lat' dir='ltr'><strong>dolis</strong></span> <span class='ocrx_word' id='word_1_118' title='bbox 754 2628 937 2690; x_wconf 85' lang='lat' dir='ltr'><strong>conturbans</strong></span> <span class='ocrx_word' id='word_1_119' title='bbox 960 2628 1059 2690; x_wconf 84' lang='lat' dir='ltr'><strong>omnia</strong></span> <span class='ocrx_word' id='word_1_120' title='bbox 1079 2628 1183 2690; x_wconf 88' lang='lat' dir='ltr'><strong>Dauus</strong></span> 
     </span>
     <span class='ocr_line' id='line_1_20' title="bbox 524 2741 1176 2826; baseline 0.005 -22"><span class='ocrx_word' id='word_1_121' title='bbox 524 2741 669 2805; x_wconf 86' lang='lat' dir='ltr'><strong>Omnibus</strong></span> <span class='ocrx_word' id='word_1_122' title='bbox 691 2743 796 2822; x_wconf 90' lang='lat' dir='ltr'><strong>illudit,</strong></span> <span class='ocrx_word' id='word_1_123' title='bbox 818 2745 897 2807; x_wconf 90' lang='lat' dir='ltr'><strong>risus</strong></span> <span class='ocrx_word' id='word_1_124' title='bbox 919 2745 1036 2826; x_wconf 91' lang='lat' dir='ltr'><strong>etipse</strong></span> <span class='ocrx_word' id='word_1_125' title='bbox 1058 2741 1176 2807; x_wconf 85' lang='lat' dir='ltr'><strong>domus.</strong></span> 
     </span>
     <span class='ocr_line' id='line_1_21' title="bbox 317 2859 1219 2942; baseline 0.002 -22"><span class='ocrx_word' id='word_1_126' title='bbox 317 2859 406 2923; x_wconf 80' lang='grc'>1745.</span> <span class='ocrx_word' id='word_1_127' title='bbox 439 2859 612 2940; x_wconf 83' lang='lat' dir='ltr'><strong>Sergiolum</strong></span> <span class='ocrx_word' id='word_1_128' title='bbox 635 2860 735 2922; x_wconf 87' lang='lat' dir='ltr'><strong>cernis</strong></span> <span class='ocrx_word' id='word_1_129' title='bbox 757 2867 846 2941; x_wconf 83' lang='lat' dir='ltr'><strong>gestu</strong></span> <span class='ocrx_word' id='word_1_130' title='bbox 868 2861 1043 2942; x_wconf 72' lang='lat' dir='ltr'><strong>promittere</strong></span> <span class='ocrx_word' id='word_1_131' title='bbox 1065 2859 1219 2939; x_wconf 84' lang='lat' dir='ltr'><strong>Scaeuam,</strong></span> 
     </span>
     <span class='ocr_line' id='line_1_22' title="bbox 520 2975 1170 3060; baseline 0.003 -24"><span class='ocrx_word' id='word_1_132' title='bbox 520 2975 656 3056; x_wconf 87' lang='lat' dir='ltr'><strong>Expecta</strong></span> <span class='ocrx_word' id='word_1_133' title='bbox 677 2975 839 3054; x_wconf 87' lang='lat' dir='ltr'><strong>modicum,</strong></span> <span class='ocrx_word' id='word_1_134' title='bbox 861 2975 1083 3060; x_wconf 86' lang='lat' dir='ltr'><strong>Sardanapalus</strong></span> <span class='ocrx_word' id='word_1_135' title='bbox 1105 2977 1170 3038; x_wconf 85' lang='lat' dir='ltr'><strong>erit.</strong></span> 
     </span>
     <span class='ocr_line' id='line_1_23' title="bbox 114 3092 1141 3174; baseline 0.002 -22"><span class='ocrx_word' id='word_1_136' title='bbox 114 3115 141 3152; x_wconf 81' lang='lat' dir='ltr'><strong>m</strong></span> <span class='ocrx_word' id='word_1_137' title='bbox 160 3113 227 3152; x_wconf 49' lang='lat' dir='ltr'><strong>‚ema</strong></span> <span class='ocrx_word' id='word_1_138' title='bbox 242 3113 318 3152; x_wconf 53' lang='lat' dir='ltr'><strong>rasta-</strong></span> <span class='ocrx_word' id='word_1_139' title='bbox 445 3092 601 3154; x_wconf 85' lang='lat' dir='ltr'><strong>Thersitae</strong></span> <span class='ocrx_word' id='word_1_140' title='bbox 623 3092 735 3156; x_wconf 87' lang='lat' dir='ltr'><strong>similes</strong></span> <span class='ocrx_word' id='word_1_141' title='bbox 757 3093 898 3174; x_wconf 87' lang='lat' dir='ltr'><strong>producit</strong></span> <span class='ocrx_word' id='word_1_142' title='bbox 919 3093 1002 3154; x_wconf 90' lang='lat' dir='ltr'><strong>curia</strong></span> <span class='ocrx_word' id='word_1_143' title='bbox 1022 3092 1141 3170; x_wconf 86' lang='lat' dir='ltr'><strong>multos,</strong></span> 
     </span>
     <span class='ocr_line' id='line_1_24' title="bbox 195 3190 1266 3290; baseline 0.001 -21"><span class='ocrx_word' id='word_1_144' title='bbox 195 3190 232 3222; x_wconf 56' lang='lat'><strong>¹⁸⁸</strong></span> <span class='ocrx_word' id='word_1_145' title='bbox 528 3207 613 3284; x_wconf 82' lang='lat' dir='ltr'><strong>Quos</strong></span> <span class='ocrx_word' id='word_1_146' title='bbox 636 3207 751 3288; x_wconf 83' lang='lat' dir='ltr'><strong>schola,</strong></span> <span class='ocrx_word' id='word_1_147' title='bbox 779 3227 856 3290; x_wconf 86' lang='lat' dir='ltr'><strong>quos</strong></span> <span class='ocrx_word' id='word_1_148' title='bbox 878 3207 979 3284; x_wconf 87' lang='lat' dir='ltr'><strong>urbes,</strong></span> <span class='ocrx_word' id='word_1_149' title='bbox 1002 3224 1079 3290; x_wconf 89' lang='lat' dir='ltr'><strong>quos</strong></span> <span class='ocrx_word' id='word_1_150' title='bbox 1101 3207 1168 3270; x_wconf 90' lang='lat' dir='ltr'><strong>lora</strong></span> <span class='ocrx_word' id='word_1_151' title='bbox 1188 3226 1266 3270; x_wconf 87' lang='lat' dir='ltr'><strong>vana</strong></span> 
     </span>
     <span class='ocr_line' id='line_1_25' title="bbox 953 3322 1063 3401; baseline -0.009 -16"><span class='ocrx_word' id='word_1_152' title='bbox 953 3322 1063 3401; x_wconf 85' lang='lat' dir='ltr'><strong>lerunt,</strong></span> 
     </span>
     <span class='ocr_line' id='line_1_26' title="bbox 439 3437 1223 3524; baseline -0.008 -19"><span class='ocrx_word' id='word_1_153' title='bbox 439 3441 523 3516; x_wconf 89' lang='lat' dir='ltr'><strong>Quos</strong></span> <span class='ocrx_word' id='word_1_154' title='bbox 547 3441 618 3504; x_wconf 89' lang='lat' dir='ltr'><strong>aluit</strong></span> <span class='ocrx_word' id='word_1_155' title='bbox 639 3458 749 3524; x_wconf 84' lang='lat' dir='ltr'><strong>pagus,</strong></span> <span class='ocrx_word' id='word_1_156' title='bbox 772 3458 849 3521; x_wconf 87' lang='lat' dir='ltr'><strong>quos</strong></span> <span class='ocrx_word' id='word_1_157' title='bbox 871 3440 956 3504; x_wconf 86' lang='lat' dir='ltr'><strong>ndttit</strong></span> <span class='ocrx_word' id='word_1_158' title='bbox 976 3439 1105 3502; x_wconf 89' lang='lat' dir='ltr'><strong>barbara</strong></span> <span class='ocrx_word' id='word_1_159' title='bbox 1125 3437 1223 3516; x_wconf 91' lang='lat' dir='ltr'><strong>tellus,</strong></span> 
     </span>
     <span class='ocr_line' id='line_1_27' title="bbox 316 3553 1265 3638; baseline -0.001 -19"><span class='ocrx_word' id='word_1_160' title='bbox 316 3558 404 3620; x_wconf 81' lang='lat'><strong>1750.</strong></span> <span class='ocrx_word' id='word_1_161' title='bbox 523 3557 608 3631; x_wconf 83' lang='lat' dir='ltr'><strong>Quos</strong></span> <span class='ocrx_word' id='word_1_162' title='bbox 631 3556 786 3620; x_wconf 83' lang='lat' dir='ltr'><strong>Venusia</strong></span> <span class='ocrx_word' id='word_1_163' title='bbox 809 3555 960 3638; x_wconf 81' lang='lat' dir='ltr'><strong>thalamis,</strong></span> <span class='ocrx_word' id='word_1_164' title='bbox 984 3561 1144 3636; x_wconf 86' lang='lat' dir='ltr'><strong>castraque</strong></span> <span class='ocrx_word' id='word_1_165' title='bbox 1163 3553 1265 3618; x_wconf 86' lang='lat' dir='ltr'><strong>Martis</strong></span> 
     </span>
     <span class='ocr_line' id='line_1_28' title="bbox 941 3670 1063 3748; baseline -0.016 -14"><span class='ocrx_word' id='word_1_166' title='bbox 941 3670 1063 3748; x_wconf 87' lang='lat' dir='ltr'><strong>habent,</strong></span> 
     </span>
     <span class='ocr_line' id='line_1_29' title="bbox 439 3787 1182 3870; baseline -0.007 -17"><span class='ocrx_word' id='word_1_167' title='bbox 439 3791 524 3864; x_wconf 80' lang='lat' dir='ltr'><strong>Quos</strong></span> <span class='ocrx_word' id='word_1_168' title='bbox 548 3790 636 3852; x_wconf 90' lang='lat' dir='ltr'><strong>etiam</strong></span> <span class='ocrx_word' id='word_1_169' title='bbox 658 3792 775 3852; x_wconf 86' lang='lat' dir='ltr'><strong>mittunt</strong></span> <span class='ocrx_word' id='word_1_170' title='bbox 795 3787 909 3850; x_wconf 81' lang='lat' dir='ltr'><strong>vivaria</strong></span> <span class='ocrx_word' id='word_1_171' title='bbox 929 3794 1018 3870; x_wconf 90' lang='lat' dir='ltr'><strong>rupta</strong></span> <span class='ocrx_word' id='word_1_172' title='bbox 1037 3787 1182 3865; x_wconf 80' lang='lat' dir='ltr'><strong>uirorum,</strong></span> 
     </span>
     <span class='ocr_line' id='line_1_30' title="bbox 522 3900 1264 3986; baseline -0.004 -19"><span class='ocrx_word' id='word_1_173' title='bbox 522 3905 620 3979; x_wconf 83' lang='lat' dir='ltr'><strong>Quum</strong></span> <span class='ocrx_word' id='word_1_174' title='bbox 632 3904 736 3967; x_wconf 87' lang='lat' dir='ltr'><strong>Venus</strong></span> <span class='ocrx_word' id='word_1_175' title='bbox 748 3904 881 3986; x_wconf 87' lang='lat' dir='ltr'><strong>impellit,</strong></span> <span class='ocrx_word' id='word_1_176' title='bbox 902 3921 1008 3965; x_wconf 85' lang='lat' dir='ltr'><strong>cumve</strong></span> <span class='ocrx_word' id='word_1_177' title='bbox 1019 3902 1156 3966; x_wconf 83' lang='lat' dir='ltr'><strong>Lauerna</strong></span> <span class='ocrx_word' id='word_1_178' title='bbox 1167 3900 1264 3965; x_wconf 87' lang='lat' dir='ltr'><strong>trahit.</strong></span> 
     </span>
     <span class='ocr_line' id='line_1_31' title="bbox 192 4019 1218 4104; baseline -0.023 0"><span class='ocrx_word' id='word_1_179' title='bbox 192 4075 210 4103; x_wconf 73' lang='lat' dir='ltr'><strong>m</strong></span> <span class='ocrx_word' id='word_1_180' title='bbox 234 4075 255 4102; x_wconf 64' lang='lat' dir='ltr'><strong>a,</strong></span> <span class='ocrx_word' id='word_1_181' title='bbox 284 4070 313 4101; x_wconf 67' lang='lat' dir='ltr'><strong>a.</strong></span> <span class='ocrx_word' id='word_1_182' title='bbox 438 4020 569 4104; x_wconf 88' lang='lat' dir='ltr'><strong>Depinxi</strong></span> <span class='ocrx_word' id='word_1_183' title='bbox 591 4038 692 4084; x_wconf 89' lang='lat' dir='ltr'><strong>mores</strong></span> <span class='ocrx_word' id='word_1_184' title='bbox 713 4019 878 4099; x_wconf 85' lang='lat' dir='ltr'><strong>hominum,</strong></span> <span class='ocrx_word' id='word_1_185' title='bbox 900 4036 962 4101; x_wconf 88' lang='lat' dir='ltr'><strong>quo</strong></span> <span class='ocrx_word' id='word_1_186' title='bbox 985 4019 1102 4082; x_wconf 88' lang='lat' dir='ltr'><strong>cautior</strong></span> <span class='ocrx_word' id='word_1_187' title='bbox 1123 4036 1218 4096; x_wconf 89' lang='lat' dir='ltr'><strong>esses,</strong></span> 
     </span>
     <span class='ocr_line' id='line_1_32' title="bbox 521 4133 1238 4222; baseline -0.011 -20"><span class='ocrx_word' id='word_1_188' title='bbox 521 4137 596 4202; x_wconf 88' lang='lat' dir='ltr'><strong>Nam</strong></span> <span class='ocrx_word' id='word_1_189' title='bbox 618 4154 676 4221; x_wconf 90' lang='lat' dir='ltr'><strong>pro</strong></span> <span class='ocrx_word' id='word_1_190' title='bbox 697 4153 831 4222; x_wconf 89' lang='lat' dir='ltr'><strong>persona</strong></span> <span class='ocrx_word' id='word_1_191' title='bbox 853 4137 981 4220; x_wconf 87' lang='lat' dir='ltr'><strong>quisquo</strong></span> <span class='ocrx_word' id='word_1_192' title='bbox 1003 4133 1151 4198; x_wconf 88' lang='lat' dir='ltr'><strong>colendus</strong></span> <span class='ocrx_word' id='word_1_193' title='bbox 1174 4133 1238 4198; x_wconf 82' lang='lat' dir='ltr'><strong>erit</strong></span> 
     </span>
    </p>
   </div>
   <div class='ocr_carea' id='block_1_3' title="bbox 0 0 1462 4976">
    <p class='ocr_par' dir='ltr' id='par_1_3' title="bbox 0 0 1462 4976">
     <span class='ocr_line' id='line_1_33' title="bbox 0 0 1462 4976; baseline 0 0"><span class='ocrx_word' id='word_1_194' title='bbox 0 0 1462 4976; x_wconf 95' lang='lat' dir='ltr'><strong> </strong></span> 
     </span>
    </p>
   </div>
  </div>
 </body>
</html>
