2912 4976
666 411 710 487 tt

136 616 298 675 Palatinus
320 619 548 690 [Abaelardns]‚
572 623 622 694 qni
646 622 761 694 toqicne
783 624 944 696 opinionem
963 623 1127 694 praeripuit
1150 623 1241 678 omni-

136 722 192 780 bus
214 729 387 782 coaetaneis
409 729 485 795 saris,
515 729 602 796 adeo,
630 737 663 784 ut
687 730 768 786 solus
789 727 960 786 Aristotelis
981 727 1149 784 crederetur
1170 744 1242 784 usrss

137 829 300 902 colloquio,
336 849 367 888 se
393 849 490 888 omnes
517 842 708 908 apposuerunt
732 835 834 889 errori.
889 832 946 889 Sed
968 847 1022 888 nee
1042 832 1173 888 naioersi
1193 833 1241 887 in·

137 934 325 990 scatentibus
355 939 498 994 resistere
526 946 698 1012 patuerunt,
731 940 906 1010 insipientes
936 939 1038 1010 itaque
1062 937 1138 1007 sacti
1164 942 1240 1004 sunt,

29 1051 33 1058 ·
137 1036 206 1092 dnm
228 1039 407 1111 insipientiae
427 1041 619 1110 resistebant,
648 1049 675 1098 ct
699 1044 814 1098 erronei
836 1041 950 1098 diutius
970 1039 1077 1110 babiti,
1101 1041 1168 1097 dnm
1190 1039 1240 1096 ab·

136 1143 221 1196 niarc
242 1142 414 1198 nitebantur
436 1146 539 1200 errori.
588 1145 690 1202 Verum
712 1154 807 1202 tamen
833 1145 951 1215 suasus
976 1144 1043 1200 ille
1065 1146 1137 1201 cito
1158 1160 1240 1200 eoa-

136 1247 218 1300 nuit
245 1253 273 1302 et
301 1246 519 1320 praedictorum
546 1264 634 1322 opera
663 1250 868 1321 neaqistrorum
899 1256 927 1305 et
953 1249 1111 1322 diliqentia
1139 1247 1239 1304 redie-

135 1357 207 1406 runt
234 1359 316 1408 artes
343 1358 372 1407 et
399 1353 485 1424 qnasi
505 1353 578 1424 jesse
601 1354 777 1426 postliminii
802 1352 937 1410 leonorem
955 1354 1113 1428 pristinum
1133 1357 1241 1406 nactae

136 1462 207 1509 sunt
226 1462 334 1526 etpost
356 1456 478 1512 erilium
497 1458 626 1528 qratiam
648 1463 676 1514 et
697 1457 823 1528 pluriam
844 1457 1021 1530 ampliorem.
1042 1455 1149 1517 Invidit
1166 1453 1241 1510 Gor·

135 1559 258 1629 nificius
280 1566 307 1614 et
331 1565 414 1632 turpe
434 1567 585 1632 reputans,
607 1567 640 1616 ut
663 1577 753 1616 senes
773 1563 938 1617 mitteretur
959 1561 999 1618 nd
1020 1559 1138 1618 schalas
1159 1566 1188 1615 et
1208 1565 1240 1614 ut

136 1678 227 1717 sensu
245 1677 319 1733 puer
341 1671 494 1736 appareret
516 1671 726 1733 seneaaetate,
749 1665 869 1738 cuipare
889 1668 982 1739 coepit,
1005 1665 1081 1740 quod
1102 1681 1134 1720 se
1152 1678 1240 1737 posse

135 1765 254 1838 insequi
284 1761 480 1838 desperabat“
503 1772 556 1821 etc.
611 1767 650 1824 lta
679 1768 713 1824 ad
739 1767 818 1824 huius
839 1775 932 1826 sectae
954 1774 1176 1826 conservatorem
1198 1766 1242 1822 uel

136 1869 348 1924 instauratorem
381 1875 541 1940 perventum
575 1876 632 1942 est,
664 1871 740 1928 cuius
774 1888 833 1928 cum
861 1871 1045 1928 celeberrimis
1071 1869 1241 1945 pbilosophis

135 1972 298 2028 simultatem
326 1971 423 2030 deiude
444 1974 554 2045 lougius
577 1975 758 2048 persequitur.
814 1975 863 2030 Cui
885 1975 936 2032 ebi
958 1992 987 2031 se
1009 1974 1173 2048 applicuisse
1194 1973 1240 2030 di-

135 2082 236 2132 cuutur
272 2077 316 2142 (o.
339 2069 389 2142 4.)
422 2092 516 2134 omnes
549 2077 607 2134 eius
639 2085 731 2134 sectae
758 2077 904 2150 reliquiae,
930 2085 1019 2134 tamen
1040 2078 1093 2134 bos
1116 2075 1241 2134 carminis

135 2178 226 2236 nostri
247 2179 312 2235 loeo
335 2178 460 2251 legimus,
483 2197 598 2252 quorum
621 2197 636 2237 e
658 2181 760 2238 sobolis
783 2181 899 2238 exierint
918 2183 964 2242 vel
979 2197 1093 2255 quorum
1108 2179 1241 2237 doctrinis

135 2283 210 2338 uires
243 2283 440 2354 recolligerent
471 2284 516 2340 isti
538 2284 721 2342 cornificiani.
785 2285 941 2342 albericum
972 2301 1040 2342 uero
1072 2285 1240 2356 Remeusem,

134 2387 284 2443 Robertum
306 2387 515 2444 bleliduuensem
538 2395 567 2444 ct
592 2389 724 2446 Adamum
746 2389 780 2444 de
807 2389 896 2444 Parvo
923 2395 1023 2462 ponte,
1056 2388 1101 2461 qui
1132 2386 1239 2442 nimiam

134 2492 206 2548 banc
228 2489 403 2550 subtilitatem
425 2491 527 2548 fovisse
550 2491 691 2564 dicuntur,
723 2493 861 2551 Jobsnnes
889 2493 948 2567 ipse
969 2492 1039 2548 iuter
1061 2507 1126 2548 suos
1147 2489 1241 2547 babuit

136 2601 336 2668 praeceptores
363 2595 451 2668 iisque
472 2595 552 2652 ellert
572 2597 710 2668 laudibus,
738 2605 768 2656 ut
789 2598 842 2671 ipsi
862 2597 968 2670 quidem
990 2595 1052 2652 huic
1074 2601 1165 2650 sectae
1187 2593 1239 2650 anl-

136 2699 274 2761 numerari
300 2713 356 2756 non
383 2699 499 2772 possint.
554 2699 606 2768 Qui
633 2717 692 2758 cum
719 2718 813 2758 omues
839 2706 905 2774 post
928 2699 1110 2757 Abnelardum
1131 2696 1240 2754 Parisiis

135 2803 280 2875 docerent,
303 2802 465 2860 Cornificius
487 2821 556 2862 vero
579 2821 614 2861 eo
636 2812 775 2879 tempore,
797 2821 851 2878 quo
872 2805 1011 2862 Jobaoues
1031 2803 1100 2858 baeu
1120 2799 1240 2875 scripsit,

136 2906 263 2964 Oxouine
289 2913 462 2980 uersus-etur,
495 2909 650 2983 priusquam
677 2911 711 2966 de
732 2911 829 2966 horum
851 2909 974 2966 uirorum
994 2906 1127 2964 doctrinis
1148 2921 1238 2978 agam,

134 3017 164 3067 ut
192 3011 324 3086 temporis
350 3012 472 3068 rationes
497 3020 575 3070 recte
597 3013 798 3086 intelligantur,
829 3013 962 3070 lobannis
983 3011 1070 3068 nostri
1091 3009 1179 3066 studia
1200 3009 1238 3066 il-

135 3117 286 3172 lustrentur
308 3122 430 3188 oporlet.
474 3117 537 3189 lpse
559 3117 593 3174 de
614 3117 751 3190 magistris
773 3124 801 3174 et
821 3115 916 3173 studiis
938 3115 1053 3187 copiose
1067 3119 1095 3170 et
1110 3119 1237 3170 accurate

135 3221 195 3292 egit
216 3219 244 3276 in
265 3221 432 3293 bletulogieo
455 3221 493 3293 ll,
517 3239 542 3278 o.
569 3216 622 3294 10,
654 3239 732 3295 quem
754 3224 845 3278 locum
868 3237 927 3278 cum
949 3219 1018 3275 liber
1039 3218 1066 3274 io
1087 3231 1235 3290 paucorum

133 3325 258 3382 manibus
279 3331 420 3398 versetur,
454 3331 612 3398 excerptum
635 3324 679 3381 bio
705 3325 882 3398 repetendum
909 3321 1012 3379 curavi.
1057 3319 1148 3390 ,Cum
1171 3321 1236 3392 pri-

132 3447 209 3486 mum
236 3428 410 3486 adolescens
436 3429 589 3486 admodum
617 3431 778 3486 studiorum
805 3445 898 3486 causa
918 3428 1089 3498 miqrassens
1109 3426 1141 3480 in
1163 3423 1235 3480 Gal-

133 3535 195 3591 lias
217 3549 294 3590 anno
316 3532 420 3601 altero,
441 3541 594 3606 postquam
614 3533 746 3589 illustris
766 3549 821 3590 rea·
841 3529 999 3604 Anqlorum
1013 3529 1166 3596 Hearicos,
1190 3527 1236 3583 leo

126 3637 285 3708 justitiae,
318 3634 407 3692 rebus
436 3635 565 3692 eceessit
585 3633 728 3704 inmanis,
752 3634 863 3692 contuli
884 3649 929 3690 me
950 3633 989 3688 ad
1010 3631 1234 3705 Peripateticum

132 3740 317 3808 Palatinum,
340 3739 392 3811 qui
413 3745 483 3794 tunc
503 3739 535 3792 in
561 3747 657 3796 monte
677 3739 806 3794 Sanctae
829 3737 990 3810 Genooesae
1012 3735 1114 3792 claros
1135 3735 1235 3790 doctor

133 3854 161 3900 et
188 3840 378 3903 admirabilis
403 3839 533 3897 onmibm
555 3840 754 3914 praesidebat.
802 3839 846 3896 lbi
872 3841 912 3896 od
934 3839 1025 3913 pedes
1052 3840 1118 3894 eins
1140 3839 1235 3912 prima

133 3949 210 4004 artis
231 3946 320 4002 buius
340 3945 506 4004 rudimenta
528 3946 627 4020 occepi
649 3951 677 4000 et
695 3961 749 4018 pro
769 3943 887 4000 modulo
907 3942 1049 4014 inqenioli
1070 3943 1126 3997 mei
1148 3941 1234 4016 quid-

133 4051 205 4126 quid
232 4049 389 4108 eecidebat
420 4047 456 4105 ab
482 4065 532 4106 ore
560 4049 637 4118 eins,
665 4056 728 4104 tota
753 4049 858 4104 mentis
885 4046 1027 4104 auiditate
1049 4043 1234 4120 eacipiebam.

132 4155 246 4213 Deinde
269 4161 335 4228 post
362 4154 523 4222 discessum
550 4155 627 4222 cias,
665 4153 714 4224 qni
741 4153 811 4208 milti
834 4167 1046 4226 praeproperus
1071 4153 1152 4206 uisus
1180 4157 1233 4216 est,
