2912 4976
718 445 769 525 90

197 651 348 728 inphysicis
369 653 489 712 intenti
509 653 542 727 il,
565 671 593 730 p.
607 648 678 727 171,
699 655 718 712 Ι.
738 647 786 726 10,
808 652 852 712 ed.
869 651 992 724 Brundis,
1013 651 1060 710 sti
1080 651 1150 710 haee
1171 653 1300 708 exstant:

186 740 295 816 ’Ὅταν
323 747 362 830 dri
391 777 438 828 τις
465 753 550 846 ζητῇ,
576 756 611 819 τί
638 745 675 818 r'e
703 753 816 830 αἴτιον,
846 750 914 816 ἐπεὶ
939 747 1115 834 πλεοναχῶς
1142 739 1183 812 τὰ
1212 749 1300 814 αἴτια

194 851 327 938 λέγεται,
342 849 446 932 πάσας
459 849 685 942 δεῖλέγαντὰς
698 853 895 940 inde-zopirus
911 859 1023 932 αἰτίας·
1045 853 1113 920 οἷον
1129 844 1303 934 ἀνθρώπου

194 965 242 1034 ric
268 963 354 1026 atsto
382 957 424 1035 ὡς
449 950 526 1046 ὕλη,
557 947 620 1046 ἆρα
645 953 685 1026 rc'e
710 953 897 1043 καταμήνια,
928 963 962 1024 τί
985 957 1057 1035 δ’ὡς
1077 957 1203 1036 κινοῦν,
1235 944 1300 1039 ἆρα

195 1057 231 1130 τὸ
244 1067 378 1148 σπέρμα,
399 1071 429 1130 τί
445 1059 562 1141 δ’ὡςτὸ
583 1062 679 1144 εἶδος,
700 1059 736 1130 τὸ
757 1069 791 1128 τί
810 1052 849 1148 ἦν
870 1062 963 1130 circs·
983 1069 1014 1128 τί
1034 1061 1116 1142 δ’ὡς,
1134 1049 1173 1126 οὗ
1193 1066 1299 1138 ἕνεκα,

195 1161 230 1234 τὸ
263 1166 360 1245 τέλος.
401 1175 518 1234 Eaedem
544 1183 607 1235 aunt
637 1193 780 1235 causarum
804 1175 942 1247 rationes,
974 1191 1044 1248 qnae
1070 1173 1141 1246 apud
1173 1178 1298 1230 nostrum

194 1281 333 1352 legentur,
355 1281 404 1340 sed
425 1297 481 1339 non
502 1282 599 1340 eodem
622 1281 719 1339 ordine
735 1283 870 1356 prolatae.
902 1278 984 1352 Apud
993 1277 1168 1335 Aristotelem
1190 1276 1299 1348 species

194 1399 243 1442 sen
270 1384 357 1441 forma
384 1385 493 1442 tertium
518 1385 609 1445 locum
636 1391 764 1458 occupat,
796 1384 869 1458 apud
894 1389 1015 1440 nostram
1041 1396 1110 1438 vero
1138 1379 1301 1442 secundnm.

193 1487 300 1544 Artifex
321 1504 400 1562 vero,
422 1505 501 1562 quem
516 1489 655 1547 iohannes
675 1494 823 1561 nuncupat,
845 1487 879 1544 ab
890 1485 1038 1543 Aristotele
1054 1500 1167 1540 movens
1185 1483 1295 1552 dicitur,

194 1590 243 1648 scd
264 1592 318 1649 hoc
339 1609 452 1649 movens
474 1592 509 1650 ab
531 1593 592 1667 ipso
606 1591 756 1651 Aristotele
776 1609 829 1667 pro
852 1597 911 1648 arte
933 1589 1105 1662 agnoscitur,
1127 1587 1296 1661 praecedunt

193 1693 263 1752 enim
290 1695 362 1754 inuno
387 1695 474 1769 ipsum
501 1697 591 1754 locum
617 1697 687 1754 iaco
715 1697 812 1754 verba:
845 1687 941 1770 δῆλον
967 1675 1017 1752 ὅτι
1044 1683 1062 1770 ἡ
1092 1685 1179 1770 τέχνη
1200 1684 1252 1748 καὶ
1273 1707 1294 1766 η

192 1783 269 1878 ἀρχὴ
290 1790 331 1868 ὡς
351 1793 478 1858 κινοῦσα
497 1791 519 1877 ἡ
541 1785 631 1879 αὐτή.
674 1801 756 1869 Quod
777 1801 811 1859 ad
834 1800 956 1858 ordinem
977 1796 1084 1869 attium,
1104 1795 1156 1852 trae
1178 1800 1297 1868 quatuor

193 1919 334 1960 causarum
355 1903 514 1977 categoriae
534 1905 643 1978 saepias
664 1921 767 1978 meone
787 1920 843 1962 non
864 1903 959 1961 eadem
985 1917 1094 1975 semper
1119 1899 1192 1956 serie
1218 1899 1295 1955 reie-

192 2011 289 2063 rnntur
310 2021 335 2064 e.
357 2007 571 2081 g.11etaph.1,
598 2025 626 2082 p.
648 2001 678 2079 9,
699 2009 719 2065 Ι.
743 2002 792 2067 17.
829 2008 896 2065 cnm
921 2005 1107 2080 tietaphysica
1125 2003 1244 2062 neudum
1265 2002 1294 2058 iu

191 2107 324 2167 iohannis
341 2125 435 2168 manns
450 2109 649 2185 pervenissent,
671 2111 862 2184 etogicornm
877 2111 994 2184 quodam
1008 2111 1076 2167 ioco
1086 2109 1131 2166 vei
1152 2121 1295 2164 commen-

192 2211 264 2271 tario
291 2213 317 2269 ei
343 2213 412 2272 traco
437 2215 601 2291 disponendi
626 2217 698 2276 ratio
724 2218 873 2277 innotuerit
899 2221 1027 2292 oportet,
1058 2213 1111 2273 nisi
1132 2215 1188 2287 jam
1214 2217 1295 2286 pater

193 2315 290 2389 aliquis
313 2317 446 2374 ecciesiae
460 2319 506 2376 vei
521 2320 701 2380 scholasticus
716 2323 795 2396 prior
817 2320 907 2378 adres
918 2319 1023 2378 divinas
1034 2316 1292 2386 accommodaverit,

192 2435 352 2493 quamquam
373 2421 447 2479 iirm.
470 2422 580 2496 iicnter,
601 2418 686 2496 stc,
707 2441 735 2498 p.
757 2417 808 2496 83,
830 2430 927 2481 contra
947 2421 1098 2480 Jordanum
1120 2420 1180 2478 aliis
1201 2419 1292 2476 ratio-

192 2522 271 2580 nibus
298 2529 387 2581 motus
413 2531 508 2583 tenere
533 2527 639 2600 studet,
664 2526 822 2586 Aristotelis
847 2525 1034 2600 metaphysica
1055 2523 1175 2584 iohanni
1196 2529 1294 2581 nostru

189 2627 245 2698 iam
267 2626 425 2684 innotuisse.
467 2628 530 2704 ipsa
556 2631 650 2688 saitem
678 2630 803 2688 doctrina
832 2630 939 2688 cuidam
964 2627 1143 2703 piatoninanti
1170 2627 1295 2697 debetur,

192 2728 320 2803 quiquis
342 2731 437 2804 inerit,
469 2731 601 2806 indagare
622 2749 678 2791 non
706 2733 831 2806 contigit.
886 2733 953 2790 Cum
984 2731 1111 2789 materies
1135 2731 1171 2788 ad
1195 2731 1292 2802 Deum,

193 2831 291 2892 artifex
319 2833 353 2891 ad
380 2834 510 2910 Spiritum
536 2837 663 2896 Sanctum
689 2838 841 2911 referatur,
872 2837 931 2894 iere
952 2836 1090 2908 miramur,
1120 2833 1239 2908 speciem
1265 2838 1294 2891 et

194 2936 319 3010 iorrnam,
341 2954 411 3012 quae
432 2940 459 2996 in
480 2939 543 2998 luce
564 2945 592 2999 et
612 2939 729 3000 veritate
750 2940 921 3013 agnoscitur,
943 2939 978 2998 ad
1000 2939 1134 2997 christum
1155 2937 1294 3014 pertinere

193 3057 249 3098 non
270 3039 373 3100 diserte
394 3041 457 3101 dici.

274 3145 305 3201 ln
333 3145 448 3204 veritate
473 3143 632 3206 illustranda
659 3147 862 3222 distinguuntur
893 3164 955 3222 res,
985 3148 1138 3206 intellectus
1169 3151 1198 3204 et
1228 3161 1292 3204 ser-

192 3265 303 3321 mones,
335 3265 414 3323 quam
440 3249 641 3310 distinctionem
666 3256 764 3326 utpote
786 3250 906 3312 Stoicam
934 3251 1050 3326 exposui
1070 3251 1170 3309 Philus.
1193 3251 1291 3322 Chrys.

189 3352 274 3410 Fuud.
306 3369 333 3424 p.
366 3345 414 3409 30.
468 3353 598 3413 Videmus
628 3361 734 3429 petrem
766 3355 851 3428 iilum,
883 3372 962 3430 quem
991 3355 1130 3414 iohannes
1161 3355 1293 3429 sequitur,

190 3456 226 3513 ad
257 3454 376 3514 Philonis
413 3463 441 3514 et
471 3457 618 3530 Porphyrii
654 3458 778 3533 exempla
816 3471 873 3516 non
907 3457 1065 3516 Aristotelis
1100 3457 1199 3530 modo,
1242 3457 1291 3514 sed

191 3559 270 3616 etiam
297 3559 454 3618 Stoicorum
485 3559 625 3619 doctrinas
657 3560 841 3620 admiscuisse.
893 3562 1004 3621 Stoicae
1035 3561 1178 3620 doetrinae
1202 3559 1290 3619 vcsti-

188 3663 251 3736 gia,
285 3679 355 3737 quae
381 3662 471 3723 medie
498 3679 569 3722 nevo
595 3663 733 3722 rarissima
760 3670 837 3738 sunt,
864 3681 924 3722 curn
952 3664 1025 3739 apud
1050 3665 1193 3738 lingonem
1219 3681 1234 3722 a
1261 3666 1288 3721 S.

190 3767 306 3824 Victore
331 3767 519 3840 reperiantur,
547 3767 667 3825 sortasse
692 3773 750 3826 tota
776 3768 845 3825 hace
872 3769 1010 3841 expositio
1039 3769 1065 3826 ei
1091 3769 1215 3826 debetur.
1257 3767 1291 3824 Ei

187 3871 282 3928 saltem
305 3869 443 3928 consentit
469 3869 549 3927 ctiam
570 3869 764 3944 philosophiae
785 3869 900 3941 divisio,
933 3887 1005 3944 quae
1029 3889 1055 3929 s.
1076 3867 1137 3929 445
1158 3870 1288 3944 sequitur.

186 3975 270 4034 Erud.
281 3975 409 4034 didascai.
421 3974 440 4032 Ι.
450 3975 486 4047 11,
497 3991 521 4032 c.
532 3968 561 4032 2.
578 3974 768 4049 ,Philosophia
778 3974 909 4033 dividitur
918 3976 945 4034 in
957 3975 1117 4047 theoricam,
1127 3974 1287 4049 practicam,

187 4079 370 4136 mechanicam
380 4085 408 4136 et
418 4075 562 4152 logicam?
579 4079 655 4136 Hanc
667 4078 836 4152 divisionem,
848 4095 927 4152 qnam
938 4078 1112 4152 persequitur
1122 4070 1288 4148 c.19-31‚

186 4182 268 4240 ctiam
289 4182 439 4240 Richardns
460 4183 495 4240 de
516 4184 566 4241 Sto
581 4182 696 4242 Victore
717 4183 823 4256 recepit
841 4182 1054 4257 Exocrpticnanr
1069 4181 1141 4242 libro
1163 4182 1189 4254 1,
1211 4200 1235 4239 c.
1259 4180 1286 4238 5.
