2924 4974
795 410 843 488 12

342 611 413 676 295.
445 610 548 676 llililnl
568 627 645 694 ergo
666 611 754 675 lnhor
773 628 897 694 semper
917 617 1123 695 properatque
1144 612 1253 676 mereri

528 728 567 792 El
586 729 691 792 merlis
712 745 837 792 musam
857 728 923 792 sive
944 728 1049 792 snlulis
1071 729 1141 811 egil.

445 845 497 910 1116
517 844 605 908 lnhor
625 845 710 910 solus
731 846 811 910 nilne
831 845 948 910 servire
969 845 1124 927 prohunn,

530 962 628 1036 Quem
643 969 745 1026 movet
760 968 850 1044 nique
864 962 945 1044 regii
958 961 1153 1044 Philosophia
1175 975 1275 1026 nomes
1281 981 1293 1037 ;

445 1077 498 1142 llle
519 1079 590 1142 neoi
610 1079 715 1158 servii,
737 1095 828 1161 quem
849 1079 1044 1160 Philosophia
1064 1079 1215 1160 nelinqnil,

342 1195 412 1258 300.
530 1193 1291 1278 Qu·minmemquiequilmundushuberepolesn

445 1310 478 1378 Si
499 1312 567 1394 quis
589 1313 618 1376 ei
638 1317 733 1378 166161
752 1312 922 1394 condignos
943 1312 1047 1376 (linere
1067 1311 1185 1390 laudes,

528 1427 638 1492 Defioil
657 1429 823 1512 ingenium,
844 1431 984 1510 vinisque
1005 1429 1109 1511 lingna
1129 1428 1207 1506 silet,

445 1543 507 1610 Aul
527 1545 554 1608 si
574 1561 639 1608 non
659 1545 756 1624 sileni,
776 1546 912 1625 bolhutil,
933 1545 1037 1610 dinero
1058 1546 1158 1628 gestit,

531 1660 622 1736 Quod
641 1663 746 1744 nequit
766 1661 861 1741 eliani,
882 1669 1016 1744 nolnqns
1037 1667 1109 1727 vols
1129 1661 1208 1725 lucil.

143 1779 199 1826 ⁰⁸⁰³
217 1779 414 1862 ll¹¹⁰⁸⁰l¹¹l30h
447 1775 480 1844 Si
500 1795 591 1842 venis
612 1778 697 1843 Dens
718 1785 765 1842 esi
784 1779 938 1843 honninnm
958 1779 1107 1862 snpientia
1127 1797 1210 1852 vern,

159 1856 177 1889 Ἰ
195 1857 319 1960 wi·
530 1896 616 1960 Tune
637 1913 723 1960 nmor
742 1901 790 1959 esl
810 1896 876 1960 veri
896 1895 1092 1994 Philosophia
1112 1896 1178 1959 Dei.

444 2012 484 2076 Al
505 2012 532 2076 si
550 2010 736 2076 mundanum
757 2012 830 2075 nihil
851 2012 903 2076 illo
924 2013 1022 2095 majus
1040 2031 1156 2090 umore,

526 2127 565 2192 El
584 2130 611 2193 si
633 2128 752 2194 divimus
774 2129 874 2193 omnin
895 2129 989 2193 vineit
1009 2145 1104 2208 eninr,

446 2242 575 2327 Collige,
597 2244 679 2327 qnod
692 2244 844 2316 ,mundum
865 2245 1051 2310 transcendit
1070 2245 1274 2329 Philosophia,

341 2359 411 2424 310.
527 2361 680 2444 Principio
702 2363 789 2444 eans
811 2368 930 2426 eonslnl
949 2363 1053 2426 inesse
1073 2363 1171 2428 fidem.

445 2477 538 2542 Pleno
558 2479 755 2543 sacramentis
777 2479 917 2542 virmtem
939 2479 1038 2561 gignit
1058 2479 1168 2562 nlilque

529 2592 640 2658 Chiisli
661 2612 735 2658 vern
756 2593 844 2673 linies,
866 2601 951 2660 neme
972 2602 1129 2678 niuemque
1150 2596 1271 2680 proban

444 2708 570 2791 Absque
590 2711 788 2776 seommenlis
809 2729 872 2776 non
895 2718 943 2776 est
962 2711 1039 2776 hneo
1059 2731 1144 2790 vers,
1165 2729 1224 2774 neo
1243 2711 1293 2775 illa

482 2883 484 2888 ,
528 2825 696 2906 Sullieiunl,
718 2828 776 2892 nisi
797 2829 836 2892 sil
856 2828 894 2890 nd
915 2829 996 2892 hona
1016 2836 1156 2911 prompto
1177 2846 1292 2905 menos,

341 2941 412 3005 315.
445 2941 495 3006 Ad
504 2942 585 3008 hone
596 2949 736 3026 prompto
745 2961 863 3022 munus,
882 2946 913 3008 si
926 2950 1046 3027 tempus
1056 2946 1153 3023 detur,
1175 2945 1291 3020 ndull03

527 3059 638 3124 Umbra
659 3059 743 3125 lovel
762 3078 888 3143 pueros,
909 3061 1119 3143 ecclesiaeque
1139 3061 1226 3124 lides.

445 3174 543 3240 Omne
564 3178 759 3240 sacramentis
780 3195 928 3242 summum
950 3178 1096 3261 dependit,
1114 3179 1263 3242 honorem

527 3292 647 3376 Dogmn
662 3295 755 3375 pium,
776 3294 926 3377 reprobus
941 3295 1019 3358 haee
1033 3295 1107 3358 nihil
1117 3313 1187 3360 esse
1199 3301 1291 3378 pnlnl.

141 3423 346 3504 6666666666
448 3407 518 3472 Non
538 3409 620 3472 velet
639 3409 754 3490 nhsqne
774 3392 975 3474 lide'sineere
995 3412 1205 3494 philosophari

169 3494 316 3543 nunquan.
343 3521 414 3587 320.
530 3525 706 3606 Quisquam,
727 3543 786 3590 nen
801 3529 938 3592 6161116111
947 3530 1089 3611 provenit
1098 3529 1213 3609 nhsqne
1223 3527 1291 3592 lide.

443 3641 527 3724 Engo
548 3641 638 3704 fidem
659 3649 769 3722 servet,
792 3645 843 3725 qui
864 3643 1105 3727 philosophnlur,
1126 3652 1266 3726 ametque

528 3757 648 3822 (lullum
669 3760 785 3824 vitonis
807 3767 837 3824 61
857 3761 976 3844 pietatis
999 3779 1086 3846 opus.

441 3873 527 3940 Vnnn
548 3873 634 3954 lides,
657 3893 784 3958 operum
801 3896 890 3958 quam
906 3878 1292 3962 nonmnnimeninpiorum

525 3989 637 4054 Vivere
658 3998 813 4071 teslsnlur,
835 4011 897 4058 non
915 3996 1011 4077 juvat,
1032 3995 1123 4059 immo
1144 4001 1245 4060 noeel.

406 4173 437 4222 V.
456 4171 504 4223 309
521 4175 682 4226 transcendit
699 4177 726 4236 L,
745 4179 912 4229 transcendet
928 4179 961 4229 Η.
