2924 4974
815 467 865 546 22

742 571 926 582 ——nn--u

465 667 513 732 ou
534 668 652 734 ratione
673 669 750 751 geri,
771 669 828 734 sed
849 685 923 732 eesu
944 671 1066 745 eunoto3
1088 639 1225 751 voluptas

549 783 667 850 Numen
688 787 847 866 exeolitur,
868 803 921 850 res
942 785 1029 865 mota,
1049 791 1157 849 venter
1178 785 1266 849 edax.

466 901 513 966 Nih
535 901 685 986 Epicurus
707 909 795 982 amet,
816 903 875 966 nisi
896 901 981 984 quod
1001 903 1098 966 venui
1118 902 1295 982 Venerique

547 1019 692 1100 immolat,
714 1026 745 1084 at
764 1019 862 1082 ventu
883 1019 1003 1083 vietima
1023 1019 1120 1102 prima
1141 1017 1229 1083 eadit.

362 1133 431 1197 585.
466 1133 612 1218 Ordoqne
634 1137 836 1200 membrorum
855 1135 998 1198 vitiorum
1018 1137 1156 1217 germina
1178 1135 1282 1212 nutrit,

548 1251 585 1316 Et
606 1251 678 1336 gulo
700 1251 751 1316 dat
770 1253 883 1316 Veneri
904 1253 1030 1330 semino,
1050 1269 1199 1334 spemque
1220 1250 1315 1314 fovet.
1446 1245 1447 1256 ’

161 1371 208 1417 Μ’
226 1371 299 1412 ¹¹⁸⁰¹⁸¹
316 1374 360 1424 rp-
466 1367 579 1448 Hostia,
600 1385 690 1450 quam
706 1375 815 1432 mactat
828 1370 942 1433 renuis
951 1369 1142 1449 Venerisque
1156 1366 1316 1444 sacerdos,

208 1453 313 1484 ‘m'
549 1483 696 1568 congrue
715 1503 773 1569 pro
793 1485 907 1550 meritis
925 1487 1060 1568 proemia
1076 1502 1198 1567 semper
1212 1483 1312 1546 habet.

464 1601 599 1666 Praemia
620 1601 777 1666 mecentio
798 1607 870 1666 sont
889 1603 989 1685 ignes,
1009 1607 1156 1680 stercora,
1177 1617 1314 1677 uermes3

360 1718 430 1781 590.
547 1717 627 1782 'dolis
649 1719 728 1782 enim
750 1735 869 1783 meroes
889 1718 959 1782 talia
979 1735 1067 1782 soora
1089 1717 1185 1781 decet

462 1834 521 1898 lsta
540 1835 703 1917 voluptatis
724 1835 854 1900 stolidae
874 1841 945 1900 sunt
965 1834 1087 1918 gaudio,
1107 1834 1175 1898 fluis

544 1951 669 2016 Uttmus
690 1969 844 2030 aerumna,
866 1951 965 2034 gioria
986 1967 1102 2016 summa
1121 1949 1231 2033 pudor.

461 2067 588 2132 Numina
610 2067 702 2150 digno
722 2068 819 2131 saeris
840 2073 911 2131 sunt
932 2072 962 2130 et
976 2084 1064 2130 saera
1080 2065 1202 2130 numine
1218 2065 1312 2148 digno

543 2184 581 2248 tit
601 2183 718 2248 oultore
738 2184 833 2263 Deus,
854 2183 953 2247 eultor
973 2189 1005 2246 et
1024 2183 1091 2265 ipse
1111 2183 1189 2246 Deo.

159 2309 186 2347 m
205 2309 292 2390 torum
308 2300 431 2364 teu-595.
466 2300 666 2384 Philosophus
689 2301 786 2384 ogiies
807 2301 900 2383 agitat
919 2299 1072 2366 discussio
1091 2316 1202 2377 rerum,

196 2393 205 2429 μ
208 2386 325 2420 '''''''''''
545 2415 584 2480 Ut
602 2434 709 2480 verum
729 2419 849 2500 possint
869 2417 953 2481 fonte
973 2415 1079 2481 uidere
1100 2431 1167 2480 suo.

461 2533 532 2596 Veri
553 2532 634 2611 fons,
656 2532 725 2598 idea
744 2534 828 2612 boni,
850 2534 934 2617 quod
954 2538 1033 2611 sunt,
1053 2533 1126 2598 ieoit
1145 2551 1215 2596 esse

545 2648 671 2731 Singuda
691 2667 750 2732 pro
771 2652 896 2733 generis
917 2651 1091 2714 conditione
1111 2652 1168 2714 sui.

461 2766 527 2830 Hoe
547 2783 649 2830 rerum
671 2783 783 2829 oausee
804 2773 926 2830 manent
947 2767 986 2830 de
1007 2766 1101 2846 sonte,
1122 2767 1246 2848 suisque

356 2881 427 2946 600.
544 2882 743 2965 Respondent
763 2884 863 2946 nausis
885 2885 985 2946 omnia
1006 2884 1077 2967 lege
1098 2883 1176 2947 data.

157 2998 185 3037 ⁰⁰
209 3000 250 3047 ’Ψ
269 3005 354 3040 ”tuu-
461 2999 526 3062 Lex
546 3005 593 3062 est
613 3017 772 3064 causarum
792 3001 900 3080 series,
921 3007 1027 3064 naama
1047 3007 1148 3066 ereata

167 3075 186 3106 ει
200 3076 265 3108 mm
279 3077 349 3110 mm*
544 3113 676 3179 Effectus
698 3117 799 3180 oausis
820 3117 1013 3182 assimilando
1034 3119 1120 3200 perit.

462 3229 628 3294 Consanum
649 3233 760 3296 seriem
782 3231 916 3315 disponit
936 3251 1051 3298 summa
1072 3240 1217 3317 potestas,

544 3348 577 3411 ln
598 3348 695 3412 forma
716 3351 844 3428 numeri,
866 3349 1011 3433 ponderis
1034 3357 1123 3433 atque
1144 3350 1235 3413 modi.

356 3463 425 3528 605.
461 3463 612 3545 Quodque
631 3467 788 3546 potestatis
809 3473 885 3530 ratio
908 3467 1040 3550 disponit
1060 3468 1098 3531 ah
1120 3483 1196 3531 nevo

541 3581 745 3664 Dispensaute
766 3601 867 3661 monn,
888 3591 1025 3668 temporo
1047 3591 1131 3648 certa
1150 3583 1262 3648 uident.

189 3707 236 3752 ouo
250 3714 321 3746 =======
460 3695 626 3760 Causarum
647 3701 745 3762 series
765 3705 871 3763 natura
891 3707 1027 3780 uocetur,
1048 3702 1086 3764 ab
1107 3701 1157 3764 ilia

543 3813 669 3878 Sensilis
691 3815 740 3880 hie
761 3817 891 3881 mundus
914 3818 1062 3882 contrahit
1083 3835 1153 3881 esse
1175 3837 1272 3882 suum.

421 4096 452 4145 V.
470 4095 528 4148 582.
546 4095 589 4147 hd
607 4111 663 4148 uec.
681 4113 778 4150 numen
795 4101 884 4162 glossa
901 4102 968 4152 inter
987 4102 1070 4152 tineus
1088 4101 1114 4151 iu
1132 4103 1164 4150 L:
1184 4102 1305 4152 eotDeur

353 4169 440 4213 venter
456 4171 499 4214 oet.
534 4164 566 4214 V.
584 4162 642 4216 585.
672 4163 715 4216 Ad
740 4179 797 4217 voc.
820 4170 934 4233 ordoque
952 4173 1000 4220 eto.
1019 4170 1108 4231 glossa
1130 4168 1198 4218 inter
1220 4167 1304 4220 tineas

353 4228 380 4277 in
398 4229 430 4278 L:
449 4232 512 4294 quia
530 4233 615 4282 ventri
631 4233 759 4295 penitoiia
777 4235 921 4285 cohaerent.
