2912 4976
352 687 452 760 ,Ister
472 687 525 745 toa
546 695 575 746 et
596 687 676 746 ulios
695 691 728 746 ia
746 698 834 766 porte
853 697 965 748 remoto

352 791 461 862 „Parni
479 793 579 866 postia
598 792 708 864 tseotu,
729 811 788 850 aon
808 793 913 868 topuor
932 796 1043 868 ipaoto,

355 893 550 971 ,Disputabant
572 894 677 968 stipitis
697 897 824 956 directis
842 899 875 955 io
889 899 969 970 jota,

354 1001 413 1070 ,lit
434 1015 624 1074 paaecaapse
644 1000 772 1072 diceret,
799 1010 884 1059 erum
901 1017 956 1076 per
976 1020 1010 1060 se
1029 999 1127 1060 aota.“

285 1104 325 1161 lie
351 1103 473 1162 Iloberto
499 1101 676 1160 lleliduoemi
701 1119 757 1162 uua
784 1109 839 1176 est,
872 1104 947 1178 quod
974 1104 1077 1176 dicam,
1110 1103 1174 1177 qula
1202 1105 1236 1162 de
1266 1119 1300 1160 eo

202 1207 342 1282 copiosius
373 1211 490 1282 eperunt
513 1205 628 1264 balaeus
660 1205 740 1272 (illst
762 1207 840 1266 linia.
866 1209 926 1265 I’ar.
952 1208 986 1281 II,
1019 1203 1095 1275 772)
1123 1214 1151 1264 et
1176 1208 1302 1264 Pastoret

202 1309 268 1366 Iliat
290 1311 341 1368 titt.
362 1309 438 1383 XIII,
459 1302 544 1377 371).
593 1309 645 1378 0ιί
671 1326 740 1368 vero
765 1310 900 1369 indicetur
920 1311 1076 1384 Alberious,
1103 1327 1163 1368 eum
1185 1317 1302 1384 quatuor

202 1413 322 1470 eiusdem
343 1413 458 1472 aoquia
479 1421 535 1472 tam
556 1419 656 1484 assent,
678 1414 834 1472 accuratius
855 1421 897 1472 eat
917 1414 1114 1489 inquirendum.
1157 1414 1302 1472 biberious

201 1517 414 1592 Bellovaceaais,
440 1519 587 1593 episcopus
613 1519 745 1577 Ostiensis
771 1528 799 1578 et
825 1521 976 1579 Curulioalb
1003 1521 1071 1578 obiit
1099 1515 1190 1593 1111,
1223 1520 1302 1588 (llist

201 1621 251 1678 litt
278 1621 314 1678 de
339 1622 364 1678 la
386 1623 489 1680 Franco
509 1623 583 1696 XIII,
610 1641 637 1697 p.
659 1617 723 1691 73).
772 1624 916 1682 Albericus
942 1625 976 1682 de
997 1625 1134 1697 Iuniano,
1161 1625 1243 1681 etiam
1270 1623 1303 1679 de

202 1723 351 1782 llumberto
375 1729 593 1802 cognominatus,
616 1729 685 1786 obiIt
705 1747 730 1788 a.
756 1723 837 1788 1218
857 1730 945 1788 Remis
961 1728 1116 1805 episeopus.
1159 1729 1303 1785 Albericus

202 1829 340 1886 licmemis
372 1846 397 1887 a.
428 1825 507 1889 1139
537 1835 582 1892 ael
613 1828 692 1892 1135
724 1841 847 1892 mortuus
878 1841 921 1891 est
952 1834 1099 1908 episcopus
1129 1832 1303 1890 bituricensis

203 1931 283 1998 (llist
304 1933 353 1990 litt
376 1935 411 1991 tle
432 1938 457 1993 la
478 1937 582 1994 Fraoce
593 1937 655 2010 XII,
677 1956 703 2012 p.
726 1933 789 2005 72).
820 1938 925 1995 Primus
946 1937 1065 1995 Parisios
1086 1937 1163 2009 prius
1184 1934 1303 2009 reliquit,

203 2037 338 2094 secundus
354 2044 382 2094 ot
403 2041 498 2098 tertIus
519 2041 595 2114 prius
617 2041 754 2114 obierant,
776 2058 855 2115 quam
877 2047 907 2098 ut
928 2041 974 2098 illo
998 2047 1121 2113 tempore
1142 2039 1181 2096 ibi
1202 2039 1304 2096 docere

203 2139 352 2213 potuerint
374 2141 466 2200 Ileatat
476 2145 561 2217 igitur
572 2151 683 2218 quartus
694 2152 721 2202 ct
732 2147 791 2218 ipse
802 2145 950 2216 tiernensis,
963 2145 1043 2201 etiam
1054 2145 1089 2201 de
1100 2143 1304 2201 PortaVeneris

204 2245 429 2318 cognominatus,
450 2248 497 2320 qui
518 2245 650 2304 sentiendi
671 2247 779 2305 ratione
800 2248 941 2305 Bononiae
962 2252 1063 2304 motata
1085 2246 1119 2302 ab
1141 2245 1209 2319 ipsis
1231 2245 1303 2302 Cor·

204 2347 336 2404 nillcianis
368 2349 542 2424 impugnatus
563 2351 683 2408 'ihomae
704 2351 914 2425 archiepiscopo
941 2357 969 2408 st
989 2349 1107 2407 Iohanni
1133 2349 1304 2406 exulantibus

204 2450 351 2525 hospitium
374 2454 500 2526 praebuit
527 2454 604 2522 (Iob.
627 2456 686 2512 Sar.
709 2455 772 2511 liet.
795 2455 817 2526 I,
840 2451 867 2510 5.
910 2453 961 2527 Ep.
993 2446 1050 2509 172
1077 2452 1150 2526 apud
1180 2451 1304 2524 Bouquet

203 2551 279 2625 XVI,
302 2549 371 2612 515.
413 2556 528 2614 Bnlaeus
549 2557 584 2629 lt,
605 2575 631 2630 p.
655 2551 738 2624 724).

288 2657 380 2716 liestat
401 2668 431 2718 ut
452 2660 486 2718 de
508 2663 633 2720 Sertorio
655 2661 752 2734 dicam,
775 2663 819 2735 qui
841 2679 867 2718 ι.
893 2654 947 2717 121
972 2661 1051 2717 lunius
1073 2661 1186 2716 sobolae
1206 2665 1303 2718 auctor

205 2761 371 2834 perhibetur.
415 2765 567 2838 suspiceris
589 2781 649 2822 eum
671 2783 725 2822 non
747 2781 808 2822 esse
829 2764 965 2821 diversum
987 2781 1003 2820 a
1025 2763 1184 2821 CornificIo.
1228 2763 1304 2820 cos-

205 2865 317 2923 veniunt
341 2867 448 2939 quidem
474 2871 571 2926 multa:
603 2875 714 2943 praeter
740 2869 825 2942 ipsam
852 2869 1013 2939 doctrInam,
1039 2867 1118 2939 puod
1139 2882 1203 2923 aere
1225 2884 1303 2924 eom-

205 2969 277 3042 pulsi
298 2971 407 3042 docent,
429 2973 505 3044 quod
526 2973 647 3029 moribus
663 2979 773 3030 utuntur
790 2973 967 3046 pravissimis,
989 2970 1062 3043 quod
1078 2959 1194 3043 denique
1209 2987 1304 3042 gram

205 3071 329 3130 maticam
350 3080 527 3147 aspernantes
548 3075 665 3132 barbare
686 3077 842 3148 loquuntur.
874 3075 930 3132 Sed
945 3081 1097 3148 temporum
1116 3074 1188 3132 ratio
1204 3075 1304 3131 obstat

206 3177 345 3234 Sertorius
367 3178 447 3234 olim
464 3177 591 3236 docuisse
607 3179 721 3250 dicitur,
747 3179 865 3251 pertinet
880 3179 963 3250 igitur
980 3178 1014 3235 ad
1031 3183 1151 3250 tempus,
1172 3195 1229 3251 quo
1245 3177 1305 3250 pri-

207 3297 277 3338 mum
294 3280 399 3337 vanitas
420 3281 625 3339 baecOxoniae
647 3282 740 3339 lloruit
761 3289 823 3339 ante
839 3282 987 3338 liobertnm
1009 3282 1121 3354 Pullum,
1144 3281 1306 3351 Cornilleius

207 3400 276 3441 vero
288 3386 385 3441 eodem
402 3391 536 3459 tempore,
553 3403 607 3459 quo
624 3388 692 3443 baec
708 3386 809 3459 scripio
827 3391 898 3456 sunt,
920 3383 1022 3440 floruit.
1054 3384 1166 3441 Etiamsi
1183 3401 1243 3456 eos,
1260 3384 1307 3458 qui

207 3489 266 3546 sola
288 3489 402 3562 aucupia
423 3491 571 3547 verborum
593 3490 785 3564 sequebantur,
807 3490 851 3546 bie
874 3488 1061 3559 Sertorianos,
1086 3488 1113 3544 in
1138 3487 1306 3560 bletalogico

208 3591 406 3650 Cornificianos
438 3599 536 3666 vocat,
572 3593 601 3649 lui
637 3599 726 3650 tamen
762 3599 914 3650 sectatores
951 3591 1075 3666 priorum
1111 3592 1305 3662 magistrorum

207 3696 290 3753 luisse
317 3694 501 3768 perhibentur.
548 3695 629 3764 Quod
661 3696 695 3753 ad
727 3696 836 3754 nomIna
869 3680 973 3753 fictitia
995 3693 1099 3767 attinet,
1132 3695 1306 3752 Cornificium

208 3799 429 3857 calumniatorem
456 3817 531 3857 suum
554 3801 703 3873 appellavit
728 3800 763 3858 ad
789 3798 986 3857 simiIitudInem
1013 3799 1087 3870 cius,
1114 3798 1162 3873 qui
1186 3798 1307 3870 Virgilio

209 3902 379 3959 obtrectasse
400 3902 500 3960 (licitur
521 3902 594 3975 apud
615 3905 748 3961 Donatum
776 3903 804 3959 io
826 3903 882 3960 eius
904 3902 960 3960 vita
982 3903 1023 3959 ed.
1046 3902 1148 3974 Ileyne.
1185 3902 1249 3961 Vol.
1270 3902 1306 3973 V,

209 4023 233 4062 o.
258 3999 305 4078 18,
331 4023 358 4080 p.
386 3999 455 4063 att.
499 4006 558 4063 Iloo
585 4023 683 4064 nomen
709 4014 764 4063 tum
792 4007 850 4063 iere
871 4005 1047 4080 proverbiale
1069 4005 1162 4077 luisse,
1188 4006 1306 4078 epistola

209 4109 280 4166 Petri
301 4109 434 4166 blesensis
456 4102 496 4165 92
518 4109 545 4166 ia
566 4111 636 4166 illex.
668 4111 735 4168 Bibl.
757 4111 827 4167 Patr.
860 4109 924 4168 Vol.
936 4107 1040 4181 XXIV,
1061 4127 1088 4182 p.
1107 4103 1184 4168 1011
1209 4110 1306 4166 docet:

212 4213 295 4282 ,Scio
314 4213 392 4270 uode
414 4216 547 4288 spiritum
569 4215 709 4272 elationis
730 4215 894 4287 conceperit
916 4222 944 4271 et
961 4229 1052 4287 poure
1067 4221 1163 4271 nester
1179 4213 1306 4287 cornill-
1361 4211 1367 4224 '
