2924 4974
683 509 731 582 IX

237 707 285 769 Ex
306 707 366 770 hoc
387 708 455 790 ipso
477 725 578 771 rerum
594 714 671 771 statu
684 706 891 790 judicandum,
914 704 986 785 quid
1002 719 1113 766 causae
1130 707 1160 762 ct
1176 715 1255 760 cou-

8 843 28 881 r.
153 811 213 874 silii
234 810 371 874 hebuerit
392 829 524 874 carmen.
566 812 733 895 Scripsisse
754 829 789 874 se
809 809 982 893 profitetur,
1014 813 1046 870 ut
1066 807 1097 869 in
1118 803 1256 868 Policra-

5 929 20 970 1
154 915 216 978 tico
243 921 275 978 et
298 914 495 997 bletulogico,
529 918 620 1000 jassa
646 916 780 979 Thomae
805 913 991 990 cancellarii,
1023 911 1072 974 cui
1098 908 1175 972 baec
1201 908 1257 969 trie

11 1033 17 1094 J,
155 1037 252 1101 opera
273 1018 430 1083 dedicavit
463 1021 566 1102 ltaque
588 1022 615 1084 si
635 1021 780 1103 temporis
802 1018 1008 1082 conditionem
1029 1012 1256 1098 perpendimus,

154 1123 400 1188 verisimillimum
422 1131 484 1204 est,
514 1124 685 1189 iohannem
711 1122 892 1199 intendisse,
925 1127 958 1183 ut
978 1125 1137 1201 patronum
1159 1133 1256 1204 supm,

13 1263 22 1288 ·.
156 1227 253 1305 omni,
281 1245 340 1309 qua
362 1228 485 1291 deceret
506 1228 655 1298 clientem,
677 1228 848 1291 reverentia
869 1231 900 1288 et
922 1223 1082 1300 modestia,
1110 1219 1256 1283 consola-

154 1336 241 1394 retur
260 1338 291 1394 et
310 1333 399 1395 simul
421 1333 459 1395 de
482 1332 583 1396 officio
605 1337 757 1408 moueret,
780 1349 796 1393 a
817 1329 908 1393 nimia
929 1327 1088 1392 tolerantia
1110 1324 1257 1388 dehorta-

154 1441 255 1514 retur,
276 1436 315 1499 ad
335 1435 539 1500 fortitudinem
560 1437 712 1513 incitaret,
734 1453 863 1516 eamque
884 1438 917 1497 ut
936 1431 1125 1514 potissimum
1146 1430 1176 1490 in
1199 1445 1257 1490 au-

4 1583 17 1624 ,
155 1540 353 1603 ctoriscuusa
376 1539 568 1604 delendeuda
590 1541 774 1603 ostenderet.
807 1539 874 1602 Hoc
895 1543 994 1600 tamen
1016 1534 1173 1599 consihum
1195 1549 1257 1594 uon

155 1644 289 1726 aperuit,
326 1645 381 1708 sed
407 1646 588 1728 significavit
614 1647 715 1729 potius
746 1663 836 1726 quam
863 1641 1039 1716 declaravit3
1077 1637 1257 1702 edoctrina

155 1749 237 1811 enirn
259 1747 297 1811 ad
318 1747 519 1812 hortationem
540 1750 598 1812 sibi
617 1749 697 1813 viam
718 1747 843 1811 munivit
863 1741 1257 1827 etpbilosophiaelideique

156 1851 346 1916 Christianae
366 1855 500 1918 notiones
522 1854 560 1917 ad
582 1853 727 1935 temporis
749 1851 795 1912 sui
816 1865 963 1929 suamque
984 1847 1081 1928 ipsius
1103 1842 1257 1908 conditio-

155 1975 226 2017 nem
248 1954 376 2019 adhibet.

240 2059 326 2124 Duae
352 2063 492 2125 cunduis
518 2067 620 2144 partes
646 2059 877 2142 distinguendae
904 2063 988 2135 sant,
1021 2071 1147 2137 quarum
1173 2053 1258 2136 prior

154 2185 183 2226 v.
211 2163 353 2228 1-1268
374 2164 474 2244 dccet,
495 2165 649 2247 posterior
670 2183 687 2228 a
708 2184 736 2228 v.
752 2161 832 2226 1269
854 2179 952 2243 usquc
974 2159 1012 2224 ad
1033 2159 1124 2222 linem
1144 2158 1257 2222 horto-

1 2235 4 2242 *
49 2285 51 2291 ·
154 2278 227 2343 tar;
249 2269 333 2350 quod
348 2269 461 2352 duplex
478 2275 688 2351 argumentum
704 2269 772 2350 ipse
788 2273 894 2332 auctm
909 2267 1008 2348 primo
1025 2279 1117 2328 versu
1132 2262 1257 2325 indicat:

261 2373 441 2454 „Dopmotc
461 2373 612 2437 discuties
631 2381 768 2438 aeterum
787 2375 980 2455 secretamque
1001 2367 1154 2432 laomor

241 2475 377 2540 Consilio
405 2479 545 2562 carminis
577 2479 718 2561 exposito
750 2478 855 2560 incipit
881 2497 898 2539 e
924 2472 1135 2558 philosophiae
1163 2471 1258 2533 abusu

155 2586 187 2642 ct
208 2597 266 2643 usu
288 2581 489 2645 describendo
510 2601 539 2645 v.
566 2583 632 2643 1-
645 2583 718 2660 450,
740 2582 885 2664 deinceps
900 2587 1037 2644 ueterum
1052 2575 1257 2660 philosopho-

154 2703 223 2748 rum
250 2685 393 2767 dogmata
418 2705 585 2751 recensens
611 2687 649 2750 ad
675 2687 765 2750 iidem
788 2686 985 2750 Christianam
1011 2681 1104 2746 refert
1124 2696 1258 2758 suasque

154 2790 270 2869 ubique
295 2791 460 2853 sententias
487 2791 593 2854 inserit
619 2811 646 2854 v.
674 2791 733 2854 151
761 2827 795 2838 -
823 2789 911 2854 lace.
959 2785 1172 2869 Philosophiae
1197 2783 1257 2846 vim

154 2900 186 2956 et
200 2897 335 2956 naturam
347 2893 554 2976 descripturus
571 2896 708 2958 omisero
723 2895 887 2958 litterarum
902 2900 964 2956 tum
981 2891 1149 2968 [Oxoniae]
1172 2893 1257 2952 trac-

154 3003 282 3060 tatarum
307 2998 425 3060 ratione
447 3015 513 3061 earn
528 3000 638 3081 repetit
663 3019 692 3061 v.
714 2999 869 3062 23-161.
907 2999 954 3061 De
975 2997 1146 3079 logicorum
1166 2993 1257 3074 nugis

155 3102 257 3183 agitur
276 3101 312 3163 V.
335 3100 376 3163 23
401 3137 435 3148 —
463 3102 532 3181 131,
555 3102 593 3165 dc
614 3103 765 3166 sermonis
787 3103 882 3165 Latini
903 3105 1056 3164 contemtu
1076 3097 1112 3161 V.
1139 3097 1198 3161 135
1220 3133 1253 3142 -

159 3205 228 3268 161.
281 3205 529 3288 Agrammatice
555 3207 708 3270 transitum
734 3211 820 3289 parat
857 3205 894 3269 ad
920 3204 1107 3280 rhetoricen,
1139 3202 1256 3266 tertiam

154 3309 234 3370 trivii
256 3308 458 3390 disciplinam,
490 3327 570 3391 quae
591 3310 745 3391 quomodo
768 3329 836 3374 cum
856 3309 1069 3392 philosophiae
1091 3307 1191 3370 studio
1218 3306 1255 3369 ad

153 3413 245 3476 Furni
272 3412 429 3496 cujusdam
456 3421 487 3478 et
511 3414 648 3478 Martiaui
676 3414 819 3498 Capellae
845 3413 1015 3496 exemplum
1041 3411 1256 3494 conjungenda

154 3518 208 3595 sit,
228 3537 258 3580 v.
284 3516 342 3580 165
363 3553 398 3564 -
415 3517 478 3581 220
500 3518 700 3582 adumbratur.
734 3518 800 3582 lloc
821 3518 967 3582 orationis
982 3523 1013 3579 et
1027 3517 1152 3580 rationis
1175 3535 1255 3580 cou-

150 3623 271 3704 jugium
293 3620 420 3685 debetur
440 3624 555 3704 gratiae
568 3623 694 3687 Divinae
712 3643 741 3686 v.
754 3621 930 3702 221-250,
952 3623 1064 3705 quippe
1086 3622 1254 3703 quaelcu-

154 3726 194 3788 tis
215 3725 366 3788 Fortunae
387 3743 491 3789 cesum
512 3727 600 3806 tollit,
627 3726 779 3790 arbitrium
801 3726 1019 3804 (voluntatem)
1040 3725 1146 3789 liberat
1166 3734 1196 3790 et
1218 3727 1255 3789 cd

154 3829 377 3918 philosophiam
398 3830 537 3894 homines
559 3837 720 3895 consecrat
739 3851 767 3894 v.
790 3830 848 3893 251
878 3867 911 3876 -
936 3831 1006 3894 276.
1050 3829 1130 3894 Vera
1151 3832 1255 3914 philo-

155 3935 278 4017 sophia,
311 3953 458 4000 summum
484 3937 612 4016 bonum,
643 3939 669 4000 si
696 3938 867 4020 superbiam
892 3939 1060 4020 superavit,
1092 3954 1183 3998 verus
1210 3943 1256 3998 ast

154 4040 213 4102 Dei
234 4057 329 4118 amor,
352 4058 452 4123 neque
473 4039 523 4103 illa
543 4047 682 4123 separata
705 4061 722 4104 a
743 4041 802 4105 lrde
819 4040 987 4105 Christiana
1007 4060 1035 4103 v.
1058 4040 1120 4105 277
1135 4075 1168 4086 -
1184 4039 1253 4103 321.
1390 4044 1392 4050 ’

154 4143 183 4205 Α
204 4142 398 4225 philosophia
418 4151 595 4227 repetuntur
615 4143 676 4224 lex,
697 4144 805 4208 modus
827 4152 857 4207 et
878 4146 954 4208 ordo
976 4147 1007 4207 iu
1024 4143 1203 4207 disserendo
1226 4151 1256 4207 et

156 4247 303 4310 discendo
325 4265 352 4311 v.
371 4247 557 4328 oto-ort,
580 4247 691 4313 deinde
710 4267 804 4312 verce
825 4247 922 4312 laudis
949 4267 987 4312 ex
1010 4267 1046 4311 aa
1062 4248 1255 4330 quaerendae
