2912 4976
683 464 732 541 99

147 670 365 745 Apparetenim‚
387 669 488 729 Stoicis
500 678 527 728 ct
537 671 679 745 Epicureis
691 671 747 745 jam
764 671 821 730 eius
838 670 1040 746 philosophiae,
1062 685 1142 744 quem
1158 674 1255 728 auctor

148 776 208 847 ipsc
229 777 391 848 profitetur,
414 775 519 850 opponi
540 775 685 850 principia,
706 777 882 849 eandemque,
904 791 983 848 quam
1004 775 1049 832 hic
1074 773 1256 848 persequitur,

148 897 208 936 esse
230 879 451 936 rationemillann
462 879 687 953 Neoplatcnioum
709 897 724 936 ιι
747 879 869 954 patritus
891 877 1025 936 ecclesiae
1046 883 1074 934 et
1094 875 1256 934 doctoribus

148 982 322 1040 scholasticis
343 999 405 1038 cum
431 983 484 1040 tide
505 981 660 1040 Christiana
683 983 802 1040 ιιιίιιιιιιι.
834 981 944 1040 Aretias
965 980 1051 1052 igitur
1076 977 1256 1037 connectendi

149 1091 212 1142 sunt
233 1085 261 1142 hi
287 1101 384 1144 versus
405 1101 466 1144 cnm
487 1101 520 1142 ea
542 1085 668 1143 carminis
689 1091 767 1159 parte
794 1087 835 1153 (v.
861 1078 1065 1158 lon-450),
1093 1099 1145 1158 qua
1172 1082 1256 1154 viam,

149 1190 284 1246 rationem
311 1195 340 1248 ιι
361 1190 440 1247 finem
462 1189 590 1263 exposuit
610 1189 811 1263 philosophiae,
833 1189 909 1246 cuins
931 1188 1050 1246 indolem
1071 1203 1142 1246 nnnc
1164 1186 1256 1260 expli·

150 1299 263 1350 cataros
281 1299 333 1350 est.
367 1294 397 1350 ln
412 1293 458 1350 illa
479 1293 575 1366 priore
596 1299 675 1367 parte
695 1293 957 1366 etiamScripturam
977 1308 1083 1350 sennam
1105 1291 1256 1364 principem

149 1403 178 1452 et
198 1411 298 1469 purum
319 1397 510 1470 philosophiae
531 1411 593 1454 esse
614 1399 717 1455 iontem
738 1398 881 1456 docuerat.
914 1395 1082 1470 interposuit
1097 1393 1256 1452 Stoicorum

149 1501 185 1556 de
207 1498 383 1557 meditatione
405 1501 499 1558 mortis
520 1507 548 1557 et
567 1501 766 1574 Epicureorum
793 1501 828 1558 de
854 1499 949 1557 mentis
975 1499 1078 1572 modio
1106 1497 1257 1571 dochinus,

150 1603 254 1677 qnippe
284 1619 355 1677 qnae
381 1620 398 1661 a
430 1604 546 1661 veritate
571 1604 679 1678 quidem
705 1621 761 1662 non
787 1603 891 1662 alienae
916 1604 1088 1676 viderentur,
1120 1603 1170 1660 sed
1200 1617 1256 1660 non

150 1707 219 1764 satis
240 1707 318 1764 firma
339 1707 526 1780 fundamenta,
553 1709 650 1782 quihus
676 1713 911 1782 superstrueretur
939 1705 1131 1782 philosophiae
1158 1706 1255 1763 aedid-

151 1810 254 1888 οἰιιι.Ι
287 1810 341 1868 Pru
376 1809 552 1869 fundamento
587 1812 680 1886 potius
711 1809 795 1870 hahet
826 1811 946 1870 Platonis
982 1811 1070 1868 ideam
1103 1811 1169 1868 honi
1200 1827 1256 1867 nnn

150 1913 290 1971 diversam
321 1913 356 1970 ah
381 1913 538 1972 Aristotelis
570 1931 712 1972 causarum
742 1915 904 1988 cognitione
935 1916 979 1972 vel
1011 1914 1140 1986 scientia,
1172 1930 1257 1986 quare

150 2023 251 2091 postea
282 2016 379 2075 horum
406 2017 575 2092 potissimum
600 2019 741 2077 doctrinas
766 2025 907 2092 recenset,
938 2018 1014 2076 addit
1039 2033 1108 2077 aero
1139 2017 1256 2074 aliorum

151 2120 235 2178 otiam
256 2121 413 2193 sententies,
434 2122 494 2181 siaa
515 2123 658 2180 conterant
673 2123 708 2180 ad
723 2139 794 2197 opus
810 2122 1041 2181 exaedificandum
1055 2122 1113 2180 sive
1128 2122 1257 2195 probent,

151 2231 270 2296 restare,
291 2225 367 2299 qnod
387 2225 505 2282 excedet
519 2225 685 2310 intellectum
700 2227 855 2284 humanum.
889 2225 970 2294 Quod
986 2227 1082 2284 attinet
1098 2225 1132 2284 ad
1153 2226 1257 2283 docto·

152 2345 198 2386 ras
220 2327 406 2400 christianos,
428 2343 498 2401 quos
520 2334 619 2386 auctor
639 2329 808 2402 potissimum
830 2336 937 2386 secutus
964 2336 1015 2401 est,
1041 2330 1098 2401 illa,
1125 2344 1196 2404 qnae
1221 2329 1256 2386 de

151 2432 250 2505 priore
271 2432 322 2489 illo
342 2433 409 2488 loco
436 2437 631 2488 commentatus
658 2449 732 2502 auru,
758 2447 794 2488 ex
820 2439 900 2506 parte
925 2433 979 2489 huc
1004 2433 1085 2490 etiam
1111 2433 1259 2506 pertinent.

150 2536 183 2593 ld
204 2541 309 2592 ιιιιιιιιιι
329 2533 505 2608 repetendum
527 2533 607 2606 duxi,
629 2539 769 2591 auctorem
791 2535 898 2608 saepius
918 2536 946 2592 in
967 2536 1131 2594 Policratico
1153 2543 1181 2592 et
1201 2537 1261 2592 hle-

151 2639 278 2712 talogico
295 2637 432 2713 profiteri,
443 2655 473 2695 se
483 2639 652 2696 l‘latonicurn
663 2645 691 2695 et
701 2639 893 2696 Academicum
908 2641 980 2696 velle
996 2639 1101 2696 haberi.
1134 2641 1261 2697 Proxime

152 2745 189 2801 ad
209 2742 392 2815 Augustinum
414 2742 530 2815 accedit,
552 2742 597 2816 qui
619 2741 727 2816 etipse
748 2743 776 2799 in
798 2749 899 2801 octavo
922 2743 956 2800 de
978 2743 1096 2800 civitate
1116 2743 1166 2799 Dei
1187 2743 1260 2801 lihro

152 2847 358 2904 Platonicorum
382 2846 555 2904 commendat
575 2844 737 2918 doctrinam,
760 2845 837 2904 euius
858 2845 992 2902 rationem
1013 2846 1144 2918 loquendi
1159 2847 1262 2902 'thom-

138 2951 245 3020 *seniue
277 2967 352 3007 meus
380 2951 461 3008 etiam
487 2950 541 3020 hic,
573 2947 721 3022 praecipue
742 2966 768 3006 ι.
801 2944 874 3021 625,
906 2949 1030 3020 agnovit.
1078 2949 1262 3008 Proficiscitur

153 3060 254 3112 auctor
275 3053 310 3110 ah
331 3053 393 3110 idea
416 3053 491 3124 honi,
513 3051 561 3109 illo
577 3052 695 3110 Plutonis
717 3052 853 3125 principio
871 3069 1024 3125 causarum,
1046 3069 1160 3126 quarum
1175 3053 1261 3111 series

152 3165 197 3215 est
217 3156 366 3214 secundum
387 3157 526 3213 Platonem
547 3161 653 3227 nature,
675 3173 703 3212 v.
727 3149 913 3227 sos-624,
935 3172 1023 3228 neque
1044 3156 1152 3216 diversa
1174 3173 1190 3214 a
1212 3173 1260 3214 ra-

152 3262 230 3319 tione
252 3260 349 3317 Divina
371 3277 399 3315 v.
422 3253 610 3318 625-628.
654 3259 704 3316 Dei
726 3275 793 3317 vero
815 3260 908 3331 imago
935 3267 977 3316 est
998 3259 1069 3316 ratio
1096 3262 1212 3319 humana
1234 3261 1261 3317 in

152 3366 212 3421 eius
234 3366 296 3421 loce
318 3363 417 3434 vigens
436 3381 463 3419 ιι.
487 3356 671 3420 629-656.
715 3361 832 3436 Triplice
854 3363 1042 3434 cognoscendi
1063 3364 1148 3421 modo
1170 3380 1261 3437 expo-

152 3468 207 3524 sito
234 3486 262 3524 ιι.
289 3459 463 3522 657-669
495 3465 522 3521 in
555 3465 644 3522 causis
676 3465 878 3536 cognoscendis
907 3468 1053 3523 secundum
1085 3459 1260 3525 Aristotelem

152 3587 285 3628 summurn
307 3569 409 3626 honum
430 3569 601 3640 agnoscitur,
623 3575 653 3625 ut
672 3568 734 3626 idea
755 3569 821 3626 honi
843 3570 937 3626 eadem
959 3569 996 3626 sit
1016 3577 1097 3642 atque
1119 3588 1261 3628 causarum

154 3673 282 3746 cognitio
304 3691 331 3730 a.
354 3666 540 3730 oto-680.
584 3673 658 3728 llaec
684 3673 835 3746 speculatio
862 3689 953 3730 rerum
980 3679 1144 3730 contemtum
1171 3677 1262 3732 mundi

155 3784 184 3835 et
205 3777 332 3834 timorem
354 3775 404 3833 Dei
429 3775 501 3848 parit
527 3776 679 3848 horumque
700 3792 756 3848 cpe
780 3793 901 3836 amorem
922 3776 972 3832 Dei
992 3776 1074 3832 trioni
1101 3795 1128 3834 ιι.
1153 3772 1211 3834 681
1224 3808 1259 3817 -

153 3874 231 3952 719,
259 3879 306 3952 qui
332 3893 411 3936 amor
439 3878 523 3936 vincit
549 3894 655 3934 ornnem
682 3878 837 3951 superbiam
864 3896 890 3936 ι.
920 3873 1105 3937 720-726.
1149 3880 1185 3937 Ut
1206 3882 1263 3955 jam

154 3984 266 4056 singula
288 3998 454 4056 persequar:
486 3997 580 4037 versus
608 3975 667 4037 597
690 3987 718 4036 et
740 3998 797 4055 sqq.
821 3983 970 4055 respiciunt
998 3984 1031 4039 ad
1059 4001 1086 4040 v.
1113 3976 1190 4056 383,
1217 3985 1263 4043 uhi

154 4089 218 4146 idea
250 4085 317 4144 boni
350 4083 505 4140 accuratius
539 4083 697 4140 illustratur.
752 4084 822 4154 hex,
859 4099 929 4156 quae
960 4103 987 4142 ιι.
1021 4079 1082 4143 607
1121 4104 1263 4144 causarum

156 4189 244 4249 series
266 4194 393 4259 vocator,
415 4188 460 4244 illa
482 4193 524 4244 cst
546 4186 624 4242 unico
646 4201 787 4242 causarum
810 4187 880 4243 ratio
904 4205 929 4244 a.
953 4180 1025 4259 625,
1046 4194 1074 4244 ιι
1089 4189 1181 4248 divina
1208 4205 1263 4250 vo-
