2912 4976
650 591 858 602 --.-—-—-

606 783 639 836 V.
675 773 899 838 1753-1852.

648 945 853 1004 nuncnunc.

679 1161 690 1168 -
713 1161 851 1168 -..ω-...οη-

283 1343 342 1399 Jam
364 1360 435 1418 quae
456 1345 550 1418 priore
572 1352 651 1422 parte
667 1352 782 1405 tractata
804 1351 877 1418 sunt,
899 1344 933 1403 ud
945 1341 1127 1416 posteriorem
1140 1341 1303 1396 releruutur.

199 1446 253 1503 Pro
275 1448 432 1520 personui.
455 1465 481 1504 e.
503 1465 557 1524 prc
584 1450 706 1508 moribus
734 1465 868 1523 quemque
893 1445 1062 1504 tractandum
1088 1445 1133 1500 ael
1161 1443 1304 1500 colendum

199 1555 291 1622 putet,
322 1551 372 1608 sed
397 1568 491 1610 omnes
517 1569 611 1611 amore
632 1553 872 1629 conplectendos,
901 1551 963 1624 quia
989 1547 1158 1620 philosopho
1183 1547 1304 1619 postulat

198 1654 362 1728 libertatem,
384 1671 439 1728 quo
462 1656 531 1714 alios
553 1656 657 1713 avitiis
679 1663 809 1729 revocet,
830 1656 876 1730 qni
898 1651 1004 1724 corrigi
1026 1650 1211 1722 nonpossint,
1235 1665 1304 1705 con·

199 1753 358 1810 temnendos
389 1771 416 1810 v.
442 1748 521 1813 1753
537 1785 572 1795 -
587 1749 637 1812 74.
680 1755 817 1812 Vitiorum
849 1761 877 1810 et
907 1755 1016 1811 virtutis
1042 1771 1135 1827 pugna
1166 1753 1305 1825 descripta

200 1872 307 1913 omnem
327 1856 455 1930 pictatem
475 1859 583 1930 gratiae
602 1857 716 1915 Divinae
737 1859 833 1916 deberi
854 1858 946 1929 docet,
969 1875 1020 1930 qua
1042 1858 1137 1914 elerici
1159 1873 1194 1912 eo
1218 1857 1305 1928 megis
1428 1921 1429 1956 ἐ

199 1960 356 2032 indigeant,
389 1978 450 2018 cum
472 1961 578 2020 lucilius
606 1963 787 2020 uincantur·
814 1962 943 2035 superbia
975 1968 1004 2017 et
1023 1961 1109 2032 lestu3
1135 1975 1305 2032 numaeque
1428 1975 1429 2040 l

200 2065 393 2136 magistrorum
420 2082 472 2123 nec
498 2067 693 2123 monachorum
716 2065 866 2138 insignibus
888 2066 1005 2138 aliquem
1028 2065 1087 2120 lieri
1109 2065 1304 2137 sapientiorem

199 2186 225 2224 v.
249 2160 329 2224 1775
345 2197 378 2208 -
395 2161 484 2226 1834.
526 2168 800 2225 Animadvertendum
832 2174 874 2224 est
894 2169 949 2225 hoc
975 2169 1040 2224 loco
1068 2167 1198 2240 probari,
1232 2167 1306 2239 quod
1428 2161 1429 2254 J

199 2271 288 2328 udhuo
309 2271 457 2344 dubitatur,
479 2278 542 2328 ante
563 2289 661 2328 annam
686 2265 766 2328 1160
788 2277 891 2328 certum
913 2272 1107 2343 magistrorum
1135 2270 1256 2327 habitum
1278 2275 1305 2324 et
1428 2261 1429 2282 ³

200 2376 321 2430 solemne
341 2376 425 2431 luisse
446 2391 554 2432 nomen.
598 2374 685 2442 Quam
706 2373 865 2446 dignitatem
888 2391 948 2430 cum
969 2381 1066 2431 auctor
1083 2373 1210 2430 habuerit
1227 2374 1303 2446 (ple-

201 2495 313 2552 rumque
324 2479 393 2536 enim
415 2479 544 2552 magister
566 2478 742 2551 appellatur),
764 2478 942 2535 interemtum
956 2471 1036 2535 1144
1058 2471 1178 2534 eclltss
1199 2483 1304 2546 nactus,

201 2559 318 2654 cumque⁸
336 2597 391 2639 nou
413 2583 562 2656 audiamus,
583 2584 609 2640 ei
630 2584 696 2641 ucvi
718 2584 783 2656 quid
805 2584 969 2656 contigisse,
991 2584 1054 2640 inde
1075 2585 1226 2655 inteiligas,
1253 2584 1304 2639 hac

195 2688 251 2758 jem
278 2693 367 2743 aetate
394 2687 574 2743 academicam
606 2687 730 2757 magistri
759 2686 919 2758 dignitatem
951 2694 1025 2744 certa
1058 2687 1165 2744 ratione
1198 2687 1303 2759 acquiri

200 2807 260 2846 esse
282 2791 404 2862 solitam,
426 2791 502 2846 cuius
529 2791 563 2846 ad
584 2790 782 2847 solemnitatem
804 2791 884 2847 etiam
912 2792 1089 2848 convivarum
1111 2791 1206 2862 turba,
1235 2807 1303 2863 qnae

199 2913 227 2950 v.
254 2888 333 2950 1826
355 2900 531 2965 memoratur,
555 2893 660 2950 videtur
682 2893 828 2966 pertinere.

281 2998 372 3054 Finem
390 2999 445 3069 jam
468 2997 582 3070 imponit
602 2996 695 3053 libello
718 2996 881 3054 benedicens
903 3003 931 3053 et
948 2999 1036 3056 omnia
1059 3000 1131 3056 bona
1154 3006 1181 3054 et
1202 2999 1255 3072 ipsi
1277 3005 1306 3054 et

199 3102 251 3158 sibi
273 3107 300 3157 el
321 3101 419 3159 lecturi
441 3117 556 3173 precans
577 3119 605 3157 v.
632 3093 804 3158 1835-52,
