2924 4974
589 577 626 584 ...
660 474 726 549 XV

725 573 802 582 ...u

134 669 1055 754 legunturdnoalii,quieundemsensumbreviusexprimnnt.
1081 667 1242 731 Lectiones

133 791 210 840 vero
222 777 365 858 marginis
378 777 454 841 aliae
464 785 536 842 sunt
546 773 1034 857 correctioneslalsoscriptorum,
1046 771 1122 834 aliae
1133 787 1241 834 eman-

135 879 276 942 dationes
291 878 341 943 vel
356 881 453 961 ipsius
469 884 601 946 auctoris
618 883 668 948 rel
685 881 782 960 amici,
810 879 860 942 oui
882 893 1004 942 carmen
1021 873 1242 938 emendandum

134 982 416 1064 commendaverat,
439 987 521 1068 quod
537 987 705 1052 alchanno
721 990 827 1050 nostro
844 982 910 1048 lieri
932 997 1003 1044 esse
1019 979 1154 1057 solitum,
1175 980 1242 1058 ipsa

136 1103 233 1166 opera
253 1086 409 1161 (Polimat.
432 1090 508 1170 prol.
531 1089 588 1154 sub
608 1089 699 1154 linem
720 1093 750 1152 et
765 1085 919 1166 Epistulae
945 1104 972 1150 e.
989 1103 1020 1166 g.
1042 1083 1101 1160 81)
1120 1083 1239 1148 docent

136 1189 264 1252 Glossae
287 1192 375 1253 etiarn
397 1200 517 1257 exstant
535 1193 744 1258 interlineares
772 1197 804 1254 et
823 1188 1022 1272 marginales,
1054 1203 1133 1268 quae
1154 1187 1242 1250 sicuti

135 1299 314 1374 argumenta
325 1295 390 1358 sive
412 1296 530 1360 indices
552 1297 681 1379 margini
703 1294 844 1375 adscripti
867 1293 903 1357 ab
923 1294 992 1374 ipro
1015 1297 1140 1356 auctore
1161 1307 1239 1372 pro-

134 1397 215 1460 lecta
243 1415 314 1462 esse
341 1417 403 1462 non
431 1407 573 1480 possunt,
613 1418 681 1464 cum
708 1398 924 1464 sententiarum
956 1413 1068 1458 nexum
1100 1400 1241 1459 accurate

135 1501 339 1565 examinatum
361 1521 423 1567 non
446 1505 558 1586 ubique
581 1510 759 1586 agnoscant.
787 1501 821 1566 E.
835 1520 866 1584 g.
889 1520 936 1564 vv.
950 1497 1116 1562 375-430
1138 1500 1240 1578 scrip-

135 1611 222 1668 turae
244 1623 351 1670 sacrae
372 1607 559 1690 subjectum,
585 1609 716 1688 species,
743 1605 850 1670 artifex
877 1611 908 1668 et
927 1604 995 1668 linis
1018 1604 1241 1685 distinguuntur

135 1715 167 1774 et
200 1708 344 1791 deinceps
376 1717 556 1791 tractantur,
594 1713 625 1774 in
664 1709 849 1793 argumentis
880 1725 955 1772 vero
993 1707 1089 1770 torma
1128 1711 1240 1768 tantum

135 1814 314 1892 (species)
352 1820 382 1876 et
417 1814 486 1880 [inis
529 1817 736 1879 observantur.
802 1811 943 1876 Ceterum
975 1813 1026 1893 qrri
1064 1815 1243 1892 argumenta

134 1918 214 1982 haec
235 1920 415 1998 composuit,
437 1926 542 2000 utpote
562 1937 664 1984 rerum
685 1919 809 1999 peritus,
833 1917 948 1980 auctori
970 1915 1090 1980 videtur
1106 1913 1240 1994 aequalis

134 2019 239 2084 fuisse.

222 2143 330 2210 Codex
356 2147 558 2211 Londinensis
584 2147 731 2227 plurimos
760 2145 881 2228 quidem
908 2143 1053 2208 historiae
1079 2144 1239 2206 litterariae

136 2256 279 2314 auctores
300 2252 399 2330 latarit,
426 2267 607 2333 quamquam
630 2257 751 2333 praeter
771 2249 895 2314 Davidis
919 2248 1029 2330 Carley
1057 2247 1238 2330 catalogum,

135 2371 227 2435 quem
250 2355 322 2434 dixi,
344 2357 462 2420 Patricii
483 2355 564 2420 lunii
587 2355 799 2438 apographus,
822 2354 873 2436 qni
889 2355 920 2416 in
937 2359 1041 2416 nostra
1056 2351 1239 2415 bibliotheca

134 2465 274 2522 servatus
301 2459 373 2522 mihi
400 2459 542 2522 editionis
571 2477 674 2522 ansam
702 2458 798 2536 dedit,
820 2459 870 2522 hic
892 2458 952 2520 illic
974 2462 1237 2520 commemoratur.

134 2561 226 2626 lllud:
248 2562 369 2626 liabent
390 2579 450 2625 roc
469 2563 541 2643 soto
563 2561 661 2624 ttbettt
681 2563 810 2624 maxime
833 2560 870 2623 ad
892 2561 953 2624 hoc
971 2561 1141 2643 exemplum
1159 2576 1238 2641 por-

135 2669 218 2730 tinet.

220 2787 394 2854 lnscribitnr
414 2793 610 2874 apographus
632 2801 751 2856 noster:

219 2913 420 2993 „Eotbeticur
446 2915 600 2979 Johonnis
621 2915 873 2980 Soreaberiensir
900 2915 938 2978 cle
965 2915 1107 2996 dogmate
1127 2914 1237 2977 Philo-

135 3019 301 3098 sophorum
333 3019 434 3083 editus
467 3021 511 3082 ud
544 3019 691 3084 Thornam
712 3020 943 3084 Caracallurr'um
960 3027 1073 3100 postea
1094 3019 1237 3082 Conluc-

135 3125 269 3186 rieusem
290 3121 572 3206 Arentepiscopnm.
615 3125 669 3188 Em
685 3124 979 3188 bibliotheioSereo.
1002 3121 1238 3186 Britanninmm

135 3227 233 3308 Regis
254 3235 282 3288 el
304 3229 483 3308 apographo
504 3229 638 3292 Porrteit
652 3228 738 3291 Joott
758 3227 987 3292 bibliothecarii
1007 3245 1089 3289 nunc
1105 3228 1238 3306 priamum

134 3335 169 3392 in
191 3333 287 3393 lucem
304 3331 442 3412 prodit.“

221 3478 293 3540 Pars
308 3480 462 3560 posterior
478 3479 647 3560 apographi
665 3493 787 3540 aversa
802 3476 859 3538 211
879 3476 950 3538 inde
967 3476 1078 3558 scripta
1090 3482 1137 3538 est
1147 3494 1237 3538 manu

135 3589 253 3663 tempus
270 3580 427 3644 affectante
445 3581 608 3661 antiquius3
630 3581 764 3663 priorem
774 3586 889 3662 partem
897 3581 1039 3657 exaravit,
1061 3587 1237 3662 argumenta

135 3691 166 3749 at
177 3686 384 3750 correctiones
396 3685 524 3766 margini
537 3683 697 3766 adscripsit
708 3684 765 3748 alia
776 3701 893 3760 manus,
915 3685 963 3748 cni
979 3685 1067 3747 etiarn
1079 3685 1236 3767 inscriptio

135 3792 272 3869 debetur,
284 3809 374 3872 quarn
386 3789 589 3854 Zach.Lnndii
601 3807 681 3866 esse,
693 3806 873 3870 quamquam
884 3805 941 3870 pro
954 3795 1038 3852 certo
1050 3788 1162 3851 hahere
1173 3805 1236 3851 non

134 3913 309 3978 possumus,
324 3901 423 3959 tamen
439 3895 503 3957 reri
521 3899 567 3957 est
576 3892 764 3955 simillimum.
787 3892 862 3954 'lum
879 3890 1029 3972 antiquior
1038 3909 1155 3969 manns,
1177 3909 1236 3972 qna

133 3999 288 4081 posterior
298 4015 369 4081 pars
380 3999 494 4080 scripta
504 4001 559 4074 est,
575 3993 630 4058 luit
640 3993 990 4072 lomassePatrioiiJunii,
1002 3993 1087 4058 cuins
1099 4010 1235 4077 apogra-

134 4104 227 4186 phum
239 4100 373 4166 Lundius
383 4101 502 4166 uidetur
514 4100 685 4182 explevisse
697 4105 727 4162 et
743 4099 780 4162 ad
791 4098 955 4162 editionem
965 4115 1099 4179 parasse.
1127 4099 1235 4181 Argu-

135 4213 234 4270 menta
246 4207 376 4288 margini
388 4205 539 4288 adscripta
549 4203 712 4286 paullulum
725 4201 884 4266 discedunt
895 4221 912 4266 a
922 4201 1030 4266 oodioe
1040 4202 1235 4280 londinensi,
