2924 4974
601 433 651 513 53

273 635 365 701 Curia
385 651 522 720 nugaces
541 636 629 702 solos
651 643 738 716 amat,
760 633 1012 718 1001100010,

355 751 446 816 Artes
468 769 581 816 exosas
601 753 718 818 antinus
740 753 838 816 omnis
858 751 958 834 babet,

271 867 362 932 Artes
382 869 486 932 virtuti
505 867 683 934 famulantes
705 867 821 934 aulinus
842 869 916 949 onir,

144 983 237 1048 1470.
356 982 418 1049 Sed
438 983 565 1050 1000100
587 987 687 1049 cnrnis
708 985 824 1050 anlinus
846 987 944 1051 omnis
966 993 1053 1050 amat

272 1099 336 1165 llos
358 1100 446 1165 aulae
467 1119 568 1165 mores
588 1101 779 1166 funambulus
800 1102 897 1168 intulit
916 1101 977 1182 ille,

357 1219 426 1299 Qui,
447 1218 530 1300 qnod
551 1219 725 1301 praesumit,
745 1219 817 1302 lege
836 1223 938 1284 inetur
958 1219 1015 1282 avi.

272 1335 332 1410 Qut
352 1336 473 1419 sapiunt
491 1353 591 1418 nugas
612 1339 644 1399 et
664 1336 799 1415 erimina,
819 1335 891 1418 lege
911 1339 1069 1414 00000101,

356 1452 415 1528 001
435 1455 520 1516 reete
540 1453 671 1535 sapiunt,
692 1452 744 1516 lex
759 1452 847 1535 jubet
866 1451 912 1516 ire
933 1450 1025 1516 foras.

146 1567 237 1632 1475.
269 1567 354 1651 Ergo
377 1582 455 1651 qnos
475 1569 553 1633 ratio
575 1568 689 1633 directa
709 1569 814 1652 nequit
833 1583 982 1634 munnere
1097 1577 1295 1662 10110010-

353 1683 490 1764 0010,
510 1691 636 1749 revocat
654 1685 834 1749 1011000010
856 1701 944 1768 opus,
1096 1651 1297 1763 ''¹⁵¹⁸„ffl“⁰”

269 1800 346 1864 llam
366 1802 445 1866 sieut
464 1801 559 1881 verbi,
581 1803 627 1864 sin
646 1801 808 1867 insinuatio
828 1801 909 1865 vitae

354 1917 454 2000 Saepe
474 1917 657 1982 reluctantes
678 1917 718 1981 ad
737 1935 794 1983 sua
814 1924 887 1984 uota
907 1917 1004 1981 trabit.

266 2031 389 2098 Fortior
409 2039 457 2097 est
475 2035 565 2113 uitae,
586 2053 676 2115 quam
697 2035 737 2098 sit
755 2034 916 2118 persuaslo
937 2033 1032 2113 uerbi,

144 2150 236 2213 1480.
352 2149 428 2212 Nam
447 2149 572 2233 paribus
594 2150 701 2215 studiis
722 2149 901 2214 consiliatur
921 2167 1019 2227 am0r;

269 2265 454 2331 conesstans
476 2283 562 2330 arnor
582 2267 699 2330 animos
719 2265 803 2350 ligat,
823 2266 961 2349 imperat,
982 2271 1082 2348 urget,

351 2383 388 2446 Ut
409 2383 470 2447 dno
492 2400 555 2448 000
577 2383 638 2446 dno
660 2384 729 2462 sint,
752 2400 830 2466 qnos
844 2383 1093 2465 plnsnnitamor.

267 2498 320 2564 Sia
334 2515 420 2562 amor
434 2499 474 2563 nd
489 2499 615 2581 quaevis
632 2505 756 2563 sanetus
764 2499 846 2562 bona
857 2500 942 2582 cogit
953 2503 1095 2576 amantes,

351 2615 427 2679 Nam
444 2614 517 2680 lauit
532 2617 581 2678 hia
594 2615 685 2693 uotis,
707 2616 791 2697 qnod
811 2615 883 2680 lauit
903 2615 953 2679 ille
975 2633 1074 2679 manu.

144 2731 233 2795 1485.
267 2730 473 2811 servemur,
493 2732 588 2797 frusta
609 2750 649 2796 ne
671 2731 869 2796 cancellarius
890 2733 991 2822 100101,

350 2848 388 2911 Ut
408 2851 501 2912 mutet
521 2867 623 2913 mores
645 2849 713 2914 nula
733 2847 865 2932 superba
885 2865 971 2913 suos.

266 2963 396 3028 blundus
411 2965 492 3028 enim
506 2965 600 3029 lucris
615 2965 719 3046 inhiat,
737 2967 929 3048 juvenesque
942 2981 1095 3048 senesque

349 3079 483 3144 Muneris
503 3083 632 3146 incestat
651 3083 815 3164 imperiosa
834 3080 930 3146 lanes

264 3195 477 3280 Exneeeatqne
497 3199 591 3277 uiros,
613 3197 722 3280 quibus
744 3204 791 3262 est
812 3197 919 3264 collata
938 3203 1084 3282 potestas,

145 3310 232 3375 1490.
349 3313 466 3377 lendat
480 3320 513 3377 ut
528 3314 566 3378 ad
581 3313 690 3378 sordes
706 3314 858 3397 quaelibet
867 3315 965 3398 ampla
976 3315 1093 3380 domus.

265 3429 377 3494 Aestus
399 3431 541 3494 avaritiae
562 3432 732 3514 sapientum
754 3430 848 3495 eorda
868 3431 993 3514 perurit,

208 3593 211 3598 ·
349 3545 459 3610 Polluit
479 3548 637 3628 ecclesias,
657 3554 761 3612 saneta
782 3547 910 3631 prolana
931 3547 1011 3611 lacit.

266 3661 357 3725 Orbis
378 3669 530 3728 amatores
553 3683 659 3728 omnes
680 3665 739 3728 bno
759 3669 847 3746 peste
863 3663 1010 3742 laborant,

347 3778 437 3842 Aeris
459 3787 650 3864 contemptor
669 3797 757 3844 rarus
777 3783 810 3843 in
832 3779 907 3844 orbe
929 3786 1039 3844 manet.

146 3893 230 3958 1495.
263 3894 347 3958 llaec
358 3895 419 3975 ubi,
431 3895 564 3977 quando,
579 3898 687 3978 quibus
697 3897 747 3961 uel
757 3897 885 3979 qualiter
894 3898 1092 3975 insinuentur,
1205 3959 1209 3966 .

349 4009 440 4091 Cura,
462 4029 501 4075 ne
522 4031 633 4095 pereas
655 4014 829 4096 garrulitate
849 4020 909 4076 100.

206 4211 238 4262 V.
258 4211 332 4264 1415.
349 4210 413 4277 Arg.
433 4220 469 4265 est
485 4214 558 4266 addit
574 4215 627 4266 llrn
645 4219 705 4266 ante
723 4215 853 4266 01000010.
