2924 4974
803 423 828 504 2

717 532 899 542 ..ἡ-...υκ-

424 626 487 692 hine
509 627 560 692 tibi
587 629 646 692 siut
668 630 809 708 comites,
836 644 925 692 euros
947 633 978 691 et
999 625 1092 692 verbo
1112 625 1288 705 ministrent,

340 744 390 807 20.
507 745 610 826 Teque
632 745 725 810 veiint
744 745 887 828 mribus
908 743 1072 808 conciliare
1092 743 1179 820 viris3

423 859 488 926 tine
509 861 561 926 tihi
581 863 772 945 principium,
794 879 926 941 cursum,
946 860 1099 942 finemque
1120 858 1263 940 loquendi

506 976 690 1058 homnem,
717 985 749 1042 et
768 995 871 1042 sermo
891 978 960 1060 quis
982 977 1092 1059 quibus
1113 982 1202 1059 uptus
1224 975 1287 1038 erit.

423 1093 452 1158 Α
472 1095 561 1158 trivio
582 1095 635 1160 tibi
657 1095 777 1160 dieendi
797 1099 933 1160 sumetur
955 1093 1060 1176 origo;

507 1211 587 1276 Ante
608 1218 708 1277 tomen
728 1212 849 1290 videos,
881 1229 961 1293 quoe
982 1209 1092 1294 quibus
1113 1213 1183 1290 epto
1202 1207 1287 1270 loeis.

142 1329 327 1440 mem:
342 1325 392 1390 25.
425 1327 541 1412 Lugios
562 1328 634 1412 quid
660 1329 767 1408 voleat,
789 1336 841 1394 unt
861 1345 916 1393 our
936 1327 1056 1410 pieoeot
1076 1325 1212 1407 rapienti,

217 1471 272 1510 nm
506 1445 659 1527 Dicturus,
680 1447 788 1512 tooiem
809 1443 1050 1530 philosophantis
1072 1441 1130 1506 udi.

426 1559 484 1636 Qui
499 1563 637 1643 sequitur
652 1565 720 1628 sine
734 1569 836 1628 mente
846 1580 965 1640 sonum,
983 1559 1035 1642 qui
1045 1557 1139 1623 verbu
1150 1557 1289 1640 capessit,

507 1677 576 1742 Non
597 1697 732 1760 sensum,
748 1679 846 1763 judex
865 1681 987 1762 integer
1006 1693 1078 1742 esse
1099 1675 1211 1756 nequit

425 1793 501 1858 Cum
522 1795 582 1858 vim
602 1797 764 1863 verborum
789 1795 910 1862 dicendi
932 1812 1024 1858 enusu
1045 1792 1203 1867 ministret,

342 1907 391 1970 30.
508 1911 591 1976 Hoee
612 1914 639 1976 si
659 1915 803 1992 nescitur,
825 1913 897 1995 quid
918 1912 977 1976 nisi
997 1915 1105 1974 ventus
1127 1907 1239 1970 erunt?

426 2026 511 2101 Quae
536 2027 636 2092 bonus
663 2031 783 2096 auditor
808 2035 917 2115 penset
942 2028 981 2092 de
1009 2032 1110 2090 mente
1129 2023 1291 2105 loquentis,

507 2143 577 2209 Non
598 2147 707 2227 quovis
728 2165 832 2225 sensu,
854 2164 943 2228 quem
964 2145 1021 2208 sibi
1041 2141 1137 2208 verba
1156 2140 1269 2215 ierunt;

424 2258 462 2320 Ut
483 2266 583 2324 tamen
605 2264 724 2327 assistet
743 2263 844 2326 verbis
865 2263 917 2325 tex
936 2267 1021 2324 reete
1040 2256 1197 2340 loquendi,

508 2376 575 2453 Qun
596 2379 663 2442 sine
684 2398 767 2463 nonp
784 2386 906 2444 oterunt
920 2377 1042 2461 pondus
1058 2375 1172 2440 hebere
1188 2369 1291 2436 suumi

341 2489 391 2552 35.
424 2490 596 2576 Auoupium
617 2495 702 2560 uerbi
718 2495 900 2580 jampridem
918 2494 1009 2577 jussit
1028 2491 1066 2556 oh
1089 2491 1157 2556 urile

506 2611 572 2674 Lex
591 2611 737 2691 Romano,
758 2612 814 2676 sed
835 2613 896 2676 hoo
916 2616 1041 2695 praetor
1062 2609 1183 2689 iniquus
1205 2610 1290 2669 amat.

143 2719 343 2842 gffflffl·
427 2726 478 2789 Lis
500 2727 682 2808 estimetur,
703 2730 761 2792 nisi
782 2729 881 2794 iorum
901 2733 1020 2810 petetur
1040 2723 1164 2808 egendi,

509 2843 607 2920 Quom
627 2845 735 2927 procui
755 2846 864 2924 areeri,
884 2844 1053 2922 iustitium,
1069 2841 1171 2925 jubes.

427 2956 478 3022 sio
498 2960 558 3024 nisi
579 2960 759 3043 complacito
780 2962 884 3046 pueris
905 2977 1049 3024 sermone
1069 2957 1215 3039 loquoris,

343 3075 392 3137 40.
510 3076 668 3160 Conspuet
687 3079 719 3142 iu
740 3078 849 3142 faeiem
870 3077 992 3162 garrula
1013 3075 1101 3140 turbo
1122 3079 1212 3136 tuom

427 3191 459 3257 si
479 3194 562 3275 sepis
584 3200 735 3274 unctores,
756 3202 892 3260 veterum
914 3195 941 3258 si
962 3193 1075 3275 scriptu
1094 3205 1251 3264 recenses,

509 3309 547 3374 Ut
567 3315 691 3390 statues,
712 3311 740 3376 si
761 3311 833 3392 quid
854 3310 932 3376 forte
953 3308 1085 3391 probare
1106 3305 1193 3382 velis,

426 3425 566 3508 Undique
578 3426 760 3490 olemohumt:
783 3433 887 3507 „vetus
903 3426 954 3490 hio
969 3442 1030 3506 quo
1047 3423 1142 3488 tendit
1159 3421 1293 3484 asellus?

511 3541 573 3608 Cur
594 3549 730 3606 veterum
752 3544 841 3608 nobis
863 3543 943 3608 dioto
963 3541 1013 3604 uei
1034 3545 1101 3604 uoto
1121 3538 1237 3603 refert?

345 3657 394 3720 45.
428 3657 455 3721 A
477 3658 567 3722 nobis
587 3659 732 3741 sopimus,
753 3660 857 3724 doouit
878 3677 913 3723 se
933 3664 1040 3724 nostro
1057 3657 1210 3740 juventus,

509 3774 578 3839 Non
599 3776 708 3858 recipit
728 3782 863 3840 veterum
885 3775 1029 3858 dogmate
1050 3778 1154 3838 nostru
1171 3770 1295 3847 cohors,

411 3999 443 4049 V.
457 3999 499 4054 25.
516 4001 580 4067 Arg.
600 4005 677 4068 Quod
698 4005 781 4066 iogicn
803 4005 938 4068 sopientes
953 4010 1003 4056 ete.
1029 4005 1069 4064 Η,
1089 4003 1256 4066 sapientibus
1270 4008 1296 4054 et

346 4066 468 4117 discretis
487 4071 549 4121 tecit
564 4070 598 4129 L,
617 4073 695 4122 teniat
711 4073 749 4131 ii,
767 4072 814 4134 qui
826 4072 931 4134 ubique
945 4072 972 4122 in
983 4071 1145 4133 argumentis
1163 4082 1223 4121 oum
1233 4083 1296 4132 pur·

345 4132 426 4184 tionis
443 4139 513 4197 quod
530 4138 729 4199 conjunctivum
744 4139 847 4200 jungit,
869 4139 915 4190 ubi
934 4137 961 4188 in
979 4139 1000 4188 L
1014 4137 1173 4188 indicativus
1190 4136 1296 4198 iegitur.

347 4203 378 4254 V.
397 4201 437 4253 tt.
463 4203 520 4254 lino
538 4209 721 4267 urgumentum
741 4219 770 4256 er
786 4206 807 4255 L
825 4205 1009 4268 depromptum
1027 4205 1055 4255 in
1072 4203 1097 4256 Η
1115 4204 1198 4256 deest.
