2924 4974
695 458 757 530 Vll

630 559 695 564 ...ἡ
726 560 748 564 -.
774 559 819 566 ο--μ

173 652 296 734 negotia
328 653 364 716 ab
397 654 629 736 archiepiscopo
662 655 719 718 sibi
751 655 899 738 injuncta,
933 659 965 714 ut
990 655 1020 716 in
1048 652 1113 714 eius
1135 650 1269 730 Prologo

171 762 278 834 exstat,
300 775 397 838 opere
419 757 601 838 aliquamdiu
620 759 798 840 interrupto,
822 759 904 840 qucd
926 762 1103 838 susceperat
1125 748 1272 815 adstudia

170 861 341 924 intermissa
377 878 537 938 reversus,
581 879 709 942 quorum
747 868 974 928 monumentum
1005 856 1272 924 luculentissimum

171 966 239 1044 ipse
266 971 314 1026 est
340 963 390 1027 hic
415 963 625 1047 bletalcgicus.
669 965 724 1030 Ubi
751 973 813 1030 tres
839 968 960 1049 priores
988 964 1055 1028 libri
1076 963 1136 1026 siut
1156 959 1270 1042 scripti,

171 1068 197 1128 si
220 1068 404 1132 constituere
426 1070 601 1152 contigerit,
627 1069 666 1134 de
688 1069 901 1154 philosophiae
922 1068 1123 1134 scholasticae
1144 1065 1271 1129 historia

172 1172 310 1251 quaestio
333 1174 389 1236 erit
409 1174 507 1238 soluta
529 1173 655 1238 alicuius
676 1176 829 1238 momenti.
861 1172 1002 1237 Nondum
1014 1171 1203 1254 exploratum
1214 1174 1270 1244 est,

171 1274 224 1338 ubi
234 1274 430 1340 docueritille
442 1277 641 1360 Cornificius,
653 1296 742 1360 quern
753 1277 909 1342 lohannes
921 1276 982 1340 boc
994 1294 1088 1358 opere
1104 1276 1269 1356 impugnat.

169 1377 217 1442 Nc
243 1379 281 1442 de
307 1379 522 1446 fennemanno
545 1381 653 1460 dicarn,
680 1383 731 1463 qui
751 1381 899 1446 lobannis
925 1381 1021 1442 nostri
1042 1379 1212 1442 testimonia
1232 1376 1270 1440 sd

170 1501 284 1546 nonum
310 1485 445 1550 seculum
472 1493 502 1550 et
527 1486 677 1552 decimum
707 1486 809 1562 trahit,
841 1485 972 1550 Bulaeus
1009 1484 1099 1560 (llist.
1133 1483 1269 1546 Univers.

171 1588 264 1654 Paris.
288 1587 355 1651 Vol.
368 1590 389 1652 l.
413 1609 443 1672 p.
457 1590 515 1654 511
540 1609 604 1672 seq.
628 1592 662 1655 ll.
686 1611 715 1673 p.
741 1591 800 1654 142
817 1595 902 1672 seq.)
924 1597 955 1654 et
975 1591 1112 1654 Pastoret
1132 1585 1189 1662 (de
1209 1586 1269 1649 lo-

174 1692 277 1754 hanne
299 1699 407 1756 nostro
430 1694 504 1758 llist.
528 1696 579 1758 litt
603 1695 642 1758 de
658 1695 829 1759 laFr.XlV.
852 1714 883 1776 p.
899 1694 975 1768 113)
998 1693 1108 1768 omnia,
1130 1709 1209 1772 quae
1225 1690 1269 1754 dc

169 1794 333 1858 Comihcio
360 1797 571 1881 pseudcngmo
603 1799 761 1862 traduntur
782 1799 812 1862 in
834 1797 1034 1880 bletalogico‚
1068 1796 1105 1858 ad
1136 1795 1269 1858 Parisios

169 1900 300 1976 trahunt,
322 1899 425 1964 Wood
447 1909 554 1965 contra
580 1901 670 1978 (llist.
693 1902 777 1966 Univ.
802 1901 902 1965 Oxou.
926 1901 964 1964 ad
986 1920 1012 1964 a.
1037 1899 1146 1974 1115.)
1168 1897 1269 1962 Gallus

169 2003 326 2085 Anglusae
351 2003 402 2068 illc
429 2005 534 2084 buerit,
566 2006 669 2070 dicere
696 2005 776 2070 haud
804 2025 895 2070 ausus
922 2012 977 2068 est.
1042 2003 1172 2066 Dubium
1200 2019 1269 2064 esse

168 2125 232 2170 non
245 2115 366 2190 potest,
397 2108 609 2190 lletclcgicum
634 2111 665 2173 iu
693 2108 842 2190 frequenti
868 2108 996 2191 quedam
1018 2112 1048 2170 et
1075 2106 1269 2170 celeberrime

168 2211 276 2276 schola
301 2230 371 2276 esse
398 2212 599 2290 elaboratum,
631 2220 663 2278 ut
689 2215 883 2278 hoctantum
905 2212 1060 2278 nonsatis
1083 2217 1198 2273 certum
1219 2211 1269 2271 vi-

168 2315 290 2394 deatur,
312 2323 410 2380 utrum
432 2315 563 2395 Parisiis,
586 2334 624 2380 an
641 2316 780 2384 Osoniec
801 2317 898 2381 factus
919 2319 966 2380 sit
1010 2314 1269 2396 Perpendentibus

166 2420 266 2497 nobis,
297 2425 453 2484 auctorem
475 2420 526 2484 illo
548 2427 685 2504 tempore
711 2422 742 2484 in
763 2420 874 2503 Anglia
895 2421 1093 2496 remansisse,
1123 2418 1190 2482 fere
1211 2436 1268 2500 pro

167 2529 252 2586 certo
279 2521 392 2586 habere
419 2541 597 2604 possumus,
623 2524 794 2589 iohannem
820 2524 1083 2590 saresberiensem
1109 2523 1268 2604 plurimum

166 2627 323 2707 temporis,
345 2645 413 2690 cum
435 2627 502 2708 regi
523 2628 652 2709 primum
673 2629 808 2710 ingratus
824 2633 917 2705 essct,
939 2629 1114 2709 priusquam
1132 2625 1268 2688 Cantus-

166 2731 241 2794 riam
268 2748 303 2792 se
330 2731 513 2812 recepisset,
543 2730 682 2795 Oxcuiae
703 2731 828 2813 degisse
849 2731 950 2812 ibique
972 2749 1041 2796 curn
1063 2729 1214 2812 magistris
1238 2735 1267 2790 et

166 2833 356 2898 scholaribus
388 2835 608 2918 disputationes
640 2835 707 2898 illas
739 2835 893 2913 habuisse,
925 2835 964 2899 de
996 2834 1105 2915 quihus
1137 2834 1204 2915 ipsc
1236 2834 1267 2894 in

166 2937 301 3019 Prologo
325 2938 427 3020 operis
448 2938 550 3004 refert.
593 2939 819 3021 Disputationes
842 2941 872 3001 in
889 2939 982 3016 rixas,
1003 2939 1086 3004 rixae
1106 2938 1138 3000 in
1158 2936 1267 3000 simul-

166 3048 244 3106 tates
264 3042 459 3120 transiebant,
479 3041 673 3125 professores
695 3049 727 3104 et
747 3041 905 3106 scholares
925 3040 1186 3124 persequebantur
1208 3039 1266 3103 ad-

166 3147 344 3223 versarium,
366 3146 418 3226 qui
438 3145 499 3208 hcc
511 3146 580 3228 ipso
591 3163 687 3228 opere
705 3163 761 3210 eos
781 3145 970 3226 redarguere
990 3143 1111 3208 studuit.
1155 3144 1266 3206 Tantus

167 3256 214 3311 est
245 3247 455 3330 professorum
487 3255 519 3314 et
549 3251 762 3332 magistrorum
794 3266 953 3326 numerus,
980 3254 1061 3312 tante
1082 3247 1265 3312 scholarium

166 3353 351 3434 frequentia,
378 3359 412 3417 ut
432 3352 471 3416 de
491 3351 609 3435 vulgari
630 3353 804 3418 monasterii
826 3352 982 3436 cujusdam
1003 3351 1109 3416 schola
1130 3353 1266 3434 cogitare

166 3470 229 3522 non
261 3456 359 3520 liceat.
415 3455 553 3520 Oxoniae
581 3474 656 3520 uero
688 3474 738 3519 res
764 3462 867 3538 gestas
895 3473 982 3534 csse,
1014 3461 1146 3520 statuere
1167 3458 1266 3538 ipsum

167 3559 376 3642 professorum
398 3577 510 3624 nomen
530 3559 639 3624 suadet
661 3559 729 3624 alibi
750 3559 816 3624 fere
830 3560 1032 3642 incognitum:
1055 3561 1174 3624 Parisiis
1187 3561 1265 3624 enim

166 3665 312 3745 magistri,
332 3663 490 3730 Bononiae
502 3664 645 3729 dectores
662 3663 767 3746 uulgo,
784 3663 835 3744 qui
847 3661 1006 3739 docebant,
1030 3663 1264 3744 appellabantur,

165 3767 319 3832 lohannes
341 3784 415 3832 vero
437 3775 545 3832 noster
570 3765 780 3849 professorum
807 3768 929 3830 nomine
956 3766 995 3828 de
1016 3767 1265 3848 praeceptoribus

165 3870 223 3934 illis
250 3871 372 3954 saepius
399 3871 490 3934 utitur
517 3877 547 3934 et
571 3868 641 3932 doh.
670 3869 758 3932 etiam
785 3870 901 3932 Pitseus
924 3869 1135 3945 (delationum
1158 3871 1263 3934 histor.

166 3973 204 4037 de
240 3974 332 4040 rebus
363 3974 481 4057 Anglic.
516 3993 546 4057 p.
570 3972 655 4048 211)
686 3973 717 4036 in
748 3972 871 4035 Roberti
903 3973 1037 4038 Pulleinii
1074 3974 1142 4036 Vita
1174 3973 1263 4038 Oxo-

165 4078 234 4142 niac
265 4076 459 4161 professores
493 4096 510 4139 a
546 4077 697 4158 magistris
740 4075 957 4158 distingunt)
1018 4075 1145 4140 Accedit
1179 4078 1262 4158 quod

214 4227 242 4292 ⁴)
276 4229 316 4280 Nc
331 4231 421 4279 temen
438 4225 551 4277 nimium
568 4224 670 4276 tribues
688 4222 749 4274 huic
767 4229 920 4287 argumento
937 4226 1108 4284 monendum,
1127 4228 1263 4288 professo·
