2924 4974
228 695 395 778 subjectum
422 697 470 762 rel
492 699 633 762 mutones
659 701 796 780 (liena),
826 699 948 784 species
974 699 1023 763 vel
1049 699 1148 764 lormu
1174 703 1342 778 (veritas),

228 799 335 862 artilex
356 801 497 884 (spiritus
519 807 661 880 1111111)
682 809 713 867 et
732 803 801 868 linis
822 809 944 880 (amara
958 802 1074 879 Deum)
1097 805 1136 868 ad
1151 807 1343 888 scripturam

226 921 343 968 sacram
365 905 538 970 reseruntur
557 925 585 970 r.
608 907 670 972 375
695 943 729 954 -
752 909 824 972 tuo.

310 1007 343 1071 ln
364 1014 501 1074 ueterum
537 1009 789 1095 plioacphorum
821 1013 971 1096 dogmatis
1002 1012 1202 1077 recensendis
1233 1022 1340 1096 primo

227 1109 398 1176 Stoicorum
420 1113 588 1176 leoninam
609 1121 717 1178 tractat
736 1135 766 1180 r.
789 1117 849 1180 151
867 1151 901 1164 -
916 1117 993 1196 626,
1021 1117 1134 1180 deiude
1153 1115 1338 1197 Epicureo-

226 1231 293 1278 rum
313 1233 342 1278 r.
360 1214 541 1296 stt-sot,
568 1224 645 1296 tum,
666 1221 693 1283 si
714 1221 843 1302 margini
865 1221 1032 1299 1111111111,
1060 1219 1337 1303 Peripateticorum
1437 1213 1438 1244 ¹

226 1337 255 1380 v.
279 1317 460 1400 585-726,
487 1320 544 1386 sed
564 1339 708 1388 versuum
728 1341 823 1388 sensu
845 1326 1014 1390 accuratius
1035 1325 1223 1402 examinato,
1244 1341 1336 1388 mm

225 1423 321 1504 ipsios
353 1427 480 1508 exponit
509 1429 703 1508 1111111111,
735 1431 826 1512 eique
854 1431 982 1513 opponit
1003 1429 1221 1494 dubitationem
1241 1428 1334 1492 Aca-

226 1526 412 1592 demicorum
440 1529 602 1592 1787-
617 1530 674 1610 81,
711 1533 820 1614 quibos
847 1535 1018 1598 annectitur
1044 1533 1129 1598 Zeno
1156 1532 1280 1596 Eleates
1302 1551 1332 1594 v.
1437 1524 1438 1551 ¹

225 1629 287 1694 765
302 1665 336 1678 -
350 1631 400 1696 38.
444 1631 630 1698 inducuntur
650 1633 760 1699 deinde
782 1637 970 1720 Pythagoras
991 1655 1019 1700 r.
1043 1635 1105 1700 739
1120 1671 1155 1684 -
1170 1635 1243 1714 772,
1265 1636 1332 1700 So-

226 1739 324 1798 crates
344 1753 373 1798 r.
396 1734 457 1800 773
473 1771 507 1784 -
520 1735 600 1816 806,
630 1735 832 1822 Anaxagoras
859 1761 888 1804 v.
910 1739 972 1804 807
988 1775 1022 1786 -
1035 1739 1117 1818 880,
1148 1739 1331 1804 Aristoteles
1437 1760 1438 1781 ι

225 1859 252 1902 ι.
274 1837 334 1902 821
352 1873 386 1886 -
400 1839 472 1920 886,
494 1841 578 1904 Plato
600 1861 627 1906 v.
644 1841 707 1908 837
722 1877 756 1890 —-
774 1843 864 1922 1118,
886 1844 1057 1928 Endymion
1074 1851 1105 1908 et
1120 1843 1330 1920 Antisthenes,

224 1944 398 2008 Academici
419 1963 447 2008 v.
473 1943 602 2008 1119-
618 1945 714 2022 1176;
737 1963 846 2028 agmen
869 1947 1013 2012 claudunt
1027 1947 1130 2011 Varro
1151 1967 1180 2010 r.
1201 1946 1326 2010 1177-

228 2047 318 2124 1181,
339 2047 452 2110 Plinius
468 2053 597 2130 uterque
617 2067 646 2112 v.
671 2047 751 2112 1185
765 2083 800 2096 -
813 2049 866 2128 86,
887 2049 1030 2114 Musaeus
1046 2056 1242 2135 comparatus
1258 2069 1329 2114 cunr
1437 2104 1438 2127 ,

223 2149 331 2233 lloyse
357 2157 388 2214 et
413 2150 552 2216 Varrone
583 2171 612 2216 v.
645 2151 887 2232 1187-1211,
925 2153 1036 2218 Cicero
1068 2176 1096 2219 v.
1133 2155 1328 2230 1215-56,
1437 2174 1438 2187 ¹

225 2254 344 2319 Seneca
370 2261 401 2318 et
422 2255 640 2330 Quinctiliannr
661 2276 690 2319 ι.
716 2256 795 2320 1257
810 2293 844 2304 -
858 2258 909 2322 68.
953 2259 1083 2324 Difficile
1109 2259 1232 2341 quidem
1258 2261 1327 2343 pri-

224 2377 274 2422 mu
297 2359 401 2423 obtutu
422 2358 542 2424 videtur
562 2359 658 2438 dictu,
672 2361 753 2442 -quid
775 2361 894 2426 consilii
915 2369 1116 2445 persequatur
1136 2364 1169 2426 iu
1189 2362 1248 2426 hac
1270 2380 1325 2426 se-

222 2465 282 2541 rie,
310 2481 400 2544 quem
425 2463 641 2528 sententiarum
666 2469 768 2528 teneat
793 2481 919 2542 nexum3
950 2465 1006 2529 sed
1032 2465 1153 2548 singula
1179 2465 1269 2530 nobis
1296 2472 1327 2529 et
1437 2488 1438 2515 ι

224 2568 344 2632 diversa
371 2567 613 2650 comparantibus
641 2569 794 2651 apparuit,
826 2570 858 2631 11
885 2569 1012 2633 aliorum
1038 2569 1189 2653 dogmatis
1210 2587 1324 2634 recen-

223 2671 327 2736 sendis
337 2689 423 2736 suam
435 2671 471 2735 ab
488 2689 528 2735 eo
545 2671 690 2755 explicari
700 2674 894 2750 sententiam
916 2675 1013 2757 primo
1025 2676 1106 2738 enim
1117 2694 1146 2738 u.
1159 2673 1325 2738 151-788

224 2775 262 2839 de
289 2777 412 2840 summis
437 2793 540 2839 rerum
566 2777 722 2859 principiis
749 2777 919 2860 iisdemque
950 2778 1059 2842 linibus
1081 2778 1234 2842 bonorum
1256 2779 1321 2842 dis-

223 2885 321 2962 putat,
348 2887 410 2944 mm
431 2900 460 2943 v.
482 2878 658 2943 739-936
680 2880 719 2944 de
741 2882 909 2946 animorum
936 2883 1058 2964 ungine
1085 2889 1115 2946 et
1141 2883 1324 2965 cognitionis

223 2986 372 3048 humanae
403 2985 433 3048 vi
466 3001 502 3046 ac
524 2990 629 3047 namra
651 2985 727 3066 agit,
762 2984 1253 3067 1111111987-11181111
1286 2986 1325 3049 de

222 3088 314 3152 rebus
336 3089 520 3152 naturalibus
541 3089 686 3167 aeluserit,
709 3108 749 3152 ex
775 3090 900 3154 Platone
927 3097 958 3154 et
973 3090 1137 3156 Aristotele
1159 3093 1322 3175 componit

222 3192 375 3276 Apparet,
395 3193 551 3257 Plutonem
573 3197 604 3256 et
617 3192 812 3257 Aristotelem
829 3213 869 3257 ex
888 3194 1037 3259 Johannia
1048 3196 1198 3259 sententia
1214 3196 1323 3260 ceteris

221 3296 457 3381 praeferendos,
489 3295 546 3361 sed
561 3303 700 3361 neutnrm
716 3315 823 3362 eorum
837 3299 950 3380 ubique
964 3319 1039 3363 vera
1055 3305 1228 3363 assecutum
1244 3315 1324 3375 esse,

222 3419 402 3483 quamquem
422 3402 507 3466 Plato
528 3400 619 3466 iidem
642 3400 840 3466 Christianam
861 3401 926 3465 lere
948 3401 1084 3482 attigisse
1104 3400 1258 3477 videatur;
1285 3419 1325 3464 cx

222 3507 281 3572 lude
303 3508 404 3570 omnia
424 3505 521 3570 videri
542 3503 745 3588 dijudicanda,
766 3505 850 3586 quod
870 3505 949 3569 haec
969 3523 1032 3570 nun
1053 3505 1216 3583 discernat,
1238 3504 1323 3570 Aca-

223 3611 410 3675 demicorum
443 3617 474 3674 et
506 3611 559 3692 111
585 3628 641 3673 eus
667 3610 765 3673 secuti
791 3616 876 3689 sunt,
907 3609 1113 3674 Romanorum
1140 3609 1323 3691 scriptorum

222 3715 373 3799 exemplo,
394 3714 462 3778 Deo
489 3732 560 3778 esse
586 3712 817 3795 relinquendum
842 3734 870 3778 v.
898 3713 1121 3778 1119-1268.
1163 3713 1212 3778 Ad
1233 3713 1324 3778 iidem
1439 3799 1440 3802 Ἴ

221 3820 301 3882 enim
323 3818 521 3884 Christianam
548 3825 595 3882 est
615 3817 843 3900 relugiendum,
875 3819 989 3901 quippe
1016 3835 1096 3900 quae
1123 3818 1243 3884 ebena
1263 3819 1323 3882 vita

220 3921 744 4000 1011ῑά1111111269-1282,
767 3940 862 4003 quere
883 3923 1033 3987 bonorum
1050 3921 1168 4006 judicio
1190 3928 1322 3986 conten·-
1439 4005 1440 4018 ἵ

220 4035 282 4092 tum
304 4033 334 4092 et
361 4028 497 4109 quamvis
519 4046 536 4090 a
564 4027 723 4109 juventute
749 4026 862 4092 lasciva
882 4027 1019 4107 irrisum,
1050 4033 1151 4092 minen
1170 4032 1267 4090 tutum
1287 4045 1323 4090 se

220 4133 377 4217 praedicet
406 4131 513 4197 lavore
540 4131 674 4196 'rhomae
696 4131 882 4209 concellarii,
915 4134 967 4214 qui
992 4134 1093 4215 iprum
1115 4131 1153 4196 ad
1180 4131 1322 4196 scriben-

221 4238 292 4302 dum
308 4236 524 4319 compuleritv.
540 4233 753 4300 1283-1860.
781 4233 966 4316 iuventutis,
988 4238 1113 4321 opinor,
1136 4235 1322 4302 oxoniensis
