2912 4976
651 423 790 536 *120

205 625 251 700 qui
273 627 430 688 scribebant
450 637 478 688 et
499 631 692 705 loquebantur,
713 647 770 690 uon
785 639 816 690 nt
836 638 1125 706 connumerasset,
1150 631 1201 688 sed
1216 647 1313 690 vunan

205 732 335 790 acuminis
356 735 401 792 val
422 733 580 793 subtilitatis
600 736 708 794 laudern
733 741 877 810 caphrant
900 736 946 794 sel
966 752 1016 793 sna
1043 735 1188 794 comrnoda
1215 736 1314 793 delen

206 835 312 908 derant,
335 853 429 896 omnes
450 838 568 914 deoque
588 839 668 914 pravi
688 845 717 898 et
736 839 850 898 lenioris
871 839 953 896 animi
973 839 1105 897 homiues.

290 940 413 1000 Verbum
440 941 595 1002 cachethes
620 961 647 1000 v.
673 937 749 1002 1501
774 943 943 1002 elunausle
965 944 1022 1002 Sat
1042 943 1105 1016 Vll,
1137 961 1165 1001 ι.
1194 938 1236 1000 52
1262 945 1315 1001 de·
1437 963 1438 990 ι

205 1051 360 1118 proruptum
382 1051 433 1118 eat,
456 1046 503 1104 uhi
524 1046 608 1106 hodie
628 1062 740 1120 quonum
761 1047 838 1105 multi
858 1046 969 1104 codices
991 1045 1168 1119 manusoripti
1182 1047 1316 1105 exhibent
1437 1099 1438 1112 ,

205 1149 362 1220 cachethes,
384 1149 459 1222 qood
480 1149 632 1209 aJohanne
653 1155 795 1224 acceptum
816 1166 877 1208 esse
898 1151 977 1208 metri
998 1149 1071 1207 ratio
1092 1151 1191 1222 (locet,
1213 1167 1314 1224 quam-

206 1269 286 1325 quam
309 1269 375 1312 sera
402 1254 486 1312 lectio
508 1261 556 1312 est
576 1253 745 1312 cucoctlsea:

447 1399 462 1429 „
487 1362 562 1414 tenet
586 1356 736 1415 insanabile
762 1357 861 1415 multos

404 1460 549 1520 Scribendi
569 1457 741 1518 cacoethes.“

288 1565 420 1638 intelligit
446 1571 558 1639 ιιιιοιιιι,
589 1564 643 1622 sibi
667 1563 790 1623 veritatis
816 1564 949 1622 assertori
980 1564 1164 1623 decedendum
1190 1583 1253 1625 esso
1278 1567 1313 1624 ab
1437 1577 1438 1630 l

206 1669 284 1740 aula,
311 1683 471 1742 quamquam
493 1669 658 1728 cancellario
679 1667 785 1728 lroatur
805 1669 910 1741 aroino,
936 1687 964 1726 v.
990 1662 1215 1728 1503-1514.
1259 1672 1314 1729 Sed
1437 1643 1438 1730 1

205 1777 326 1844 verebar,
347 1789 382 1830 ue
402 1773 463 1846 ipso
487 1773 665 1832 cancellarius
686 1773 781 1832 aulicis
801 1774 927 1832 cedendo
948 1779 976 1830 et
993 1773 1056 1844 jure
1076 1775 1193 1832 humano
1211 1776 1314 1832 obscr—
1437 1775 1438 1804 ³

206 1878 296 1936 vando
318 1878 408 1950 lagena
429 1878 548 1938 bivinen
568 1879 704 1952 negligat,
725 1895 810 1952 quare
831 1885 859 1936 et
879 1878 967 1952 ipsum
988 1879 1151 1936 monendum
1172 1878 1263 1950 ducit,
1284 1885 1314 1936 nt
1437 1915 1438 1958 }

205 1983 277 2041 hano
298 1998 411 2042 serrare
433 1983 549 2040 stolen.
590 1982 684 2040 Verba
698 1998 795 2040 versus
820 1975 900 2040 1515
921 1997 1016 2038 rursus
1037 1981 1164 2038 iuuenali
1179 1981 1314 2039 debentur
1437 1997 1438 2002 ¹

206 2087 279 2160 apud
299 2097 378 2154 qoem
401 2088 457 2144 Sat
478 2087 530 2157 111,
555 2080 615 2144 122
636 2087 778 2159 leguntur:

291 2191 377 2262 „llam
399 2201 480 2258 quoru
505 2189 612 2248 facilem
639 2190 751 2249 stillavit
777 2190 804 2248 in
831 2186 952 2247 anrem.“

290 2294 409 2352 Averso
428 2286 508 2350 1523
526 2309 612 2368 usque
628 2294 662 2352 ed
678 2311 705 2352 v.
724 2287 804 2352 1530
822 2311 882 2352 ιιιιιιι
893 2293 1066 2367 persequitur
1075 2293 1143 2365 juris
1154 2295 1263 2350 humani
1285 2300 1312 2350 et

208 2397 293 2456 divini
304 2397 461 2468 therinco,
471 2397 636 2456 Anacharsis
648 2399 787 2471 querelans
798 2397 898 2470 repetit
907 2397 942 2454 de
952 2397 1061 2454 humaui
1067 2396 1138 2468 juris
1148 2398 1176 2453 in
1187 2398 1311 2470 aequali-

207 2507 272 2560 tate.
294 2500 415 2558 Eundem
425 2500 586 2560 sententiam
597 2501 691 2560 udoni
702 2501 810 2558 ratione
820 2501 957 2574 expressit
965 2501 1133 2573 Polionvll,
1144 2495 1196 2558 20:
1206 2501 1311 2571 „Nullos
1437 2495 1438 2570 J

207 2607 286 2679 loges
296 2604 411 2662 creduut
421 2603 546 2661 civilibus
558 2603 759 2677 praeferendas.
775 2603 998 2662 Hashnacharsis
1008 2604 1110 2675 Scytha
1122 2605 1183 2661 telis
1194 2621 1311 2663 eraueae

209 2708 390 2784 comparavit,
411 2724 482 2782 quoe
503 2724 610 2766 muscas
632 2714 660 2766 et
680 2708 782 2767 culices
802 2708 938 2778 bolmont,
958 2707 1008 2764 sed
1028 2707 1150 2766 volatilia
1171 2707 1312 2766 transmit-

208 2819 269 2872 tunt
289 2813 447 2887 grandiora.
481 2813 527 2872 Sic
548 2817 576 2870 et
592 2812 656 2884 jnra
678 2812 768 2870 civilio
789 2811 962 2870 humiliorum
983 2812 1133 2884 reprimunt
1147 2813 1311 2882 voluntates,

210 2918 259 2976 aed
291 2918 418 2992 prolecto
450 2915 651 2991 potentioribus
683 2913 804 2974 cedunl“
862 2915 1027 2974 Anacharsis
1059 2915 1160 2972 dicturo
1192 2916 1313 2974 sonavit

209 3021 334 3081 Valerios
356 3019 497 3092 Maximus,
517 3021 576 3092 Vll,
598 3013 628 3091 2,
649 3011 678 3076 9.

614 3417 648 3474 V.
680 3410 756 3474 1531
771 3446 802 3454 -
815 3409 904 3474 1636.

386 3585 430 3642 DE
453 3583 713 3644 uulvussuhrls
736 3581 941 3641 OXONIENSIS
963 3582 1136 3642 llosrlrlls.

662 3776 859 3790 W·—

294 3968 393 4041 hoous‚
415 3969 462 4043 qni
483 3967 606 4044 sequitur
628 3985 643 4026 e
665 3986 691 4025 v.
717 3959 793 4026 1531
818 3982 903 4042 usque
924 3967 959 4023 erl
981 3983 1008 4023 v.
1027 3958 1107 4024 1636
1123 3966 1158 4022 ele
1173 3965 1309 4039 hospitiis,
1437 3987 1438 3990 ¹

212 4072 249 4130 ita
271 4089 314 4129 me
333 4079 461 4131 vexatum
483 4072 584 4146 tenuit,
617 4077 648 4130 ut
673 4083 729 4140 quo
756 4069 904 4130 studiosius
928 4069 957 4126 in
983 4085 1043 4128 euru
1069 4069 1248 4144 inquirerem,
1275 4085 1309 4126 eo

211 4177 364 4236 intrioatior
385 4183 413 4236 et
433 4176 587 4253 impeditior
608 4175 754 4236 videretur.
799 4175 864 4236 cum
886 4182 1030 4251 patronum
1051 4176 1144 4234 valere
1160 4175 1257 4249 iubeat
1276 4173 1309 4231 ad
