2924 4974
231 657 405 736 mollitudo,
427 658 550 737 cadent,
572 661 599 722 si
621 677 683 724 non
705 659 829 736 flebilis,
851 664 951 721 tannen
973 659 1108 739 lugubris
1131 657 1278 722 iraterdum
1302 665 1331 720 et

231 761 428 842 querebunda
455 763 585 844 species.
635 763 696 828 Sed
718 763 850 845 querelis
878 768 908 824 ct
935 764 1026 826 luctui
1049 763 1178 826 admixta
1199 769 1247 826 est
1268 763 1331 824 do-

231 863 319 927 cendi
341 866 428 944 ratio,
452 871 484 928 ut
505 865 633 943 dubites,
655 875 754 931 utrum
777 873 883 930 auctor
904 864 1003 931 Ovidii
1025 865 1130 930 Fastos
1151 866 1269 948 potius,
1292 885 1332 928 an

230 967 337 1050 elegos
369 969 409 1032 sit
439 969 577 1032 imitatus.
631 970 738 1052 Neque
764 971 844 1034 euim
871 976 1015 1032 crrervata
1042 977 1089 1034 est
1116 971 1212 1034 oratio
1241 975 1333 1050 atque

230 1071 335 1152 tracta,
357 1072 413 1135 scd
435 1075 538 1154 gravis
561 1079 592 1136 et
613 1073 708 1152 tortis,
731 1091 912 1156 quamquam
923 1071 1067 1137 tortitudo
1078 1075 1175 1156 magis
1197 1075 1228 1136 in
1238 1073 1334 1136 rebus

231 1176 366 1240 adversis
388 1178 517 1242 honeste
538 1179 720 1260 tolerandis,
742 1199 832 1263 quam
853 1179 945 1243 rebus
966 1180 1044 1242 bene
1056 1178 1198 1261 gerendis
1221 1183 1332 1241 osten-

230 1281 318 1344 ditur.
362 1281 473 1365 injuria
501 1283 539 1346 ad
566 1284 759 1348 scribendum
786 1284 946 1346 lacessitus
978 1283 1052 1346 iram
1083 1281 1216 1365 concipit
1243 1288 1273 1344 et
1299 1281 1333 1342 in

231 1385 423 1448 adversarios
456 1388 594 1469 asperius
627 1387 786 1450 invehitur.
839 1387 1043 1450 Acerbissima
1068 1385 1244 1469 perstringit
1269 1401 1333 1447 non

230 1489 472 1553 adversariorum
489 1496 612 1569 tantum,
634 1491 690 1555 sed
712 1509 832 1556 omnem
852 1493 998 1574 temporis
1020 1492 1067 1554 sui
1089 1491 1330 1574 perversitatem,

231 1594 340 1657 acriter
361 1595 517 1676 impugnat
544 1599 573 1660 et
598 1597 791 1678 persequitur
817 1615 929 1678 pravae
951 1595 1108 1659 doctrinae
1134 1600 1165 1657 et
1189 1595 1331 1656 vitiorum

230 1703 380 1776 auctores,
402 1703 435 1761 ut
455 1696 544 1762 tacite
566 1699 661 1762 Persii
689 1706 779 1782 atque
799 1699 953 1764 luvenalis
974 1701 1165 1764 severitatem
1187 1704 1217 1761 et
1238 1715 1331 1760 acar-

229 1803 349 1864 bitatem
372 1819 540 1884 agnoscas,
561 1805 659 1866 rarius
681 1803 795 1867 lloratii
816 1804 953 1867 hilaritati
981 1819 1135 1866 occurras.
1173 1800 1289 1864 Versus
1310 1819 1331 1862 e

230 1907 378 1989 poematis
401 1906 495 1969 Persii
526 1911 557 1969 et
576 1907 731 1970 Juvenalis
754 1907 951 1990 depromptos
972 1909 1077 1990 paucis
1098 1906 1216 1968 mutatis
1238 1909 1330 1980 totos,

230 2009 369 2073 dimidios
391 2011 480 2072 etiam
501 2012 670 2074 immutatos
692 2014 839 2093 reperies.
881 2011 989 2093 Neque
1018 2010 1128 2074 desunt
1148 2009 1240 2073 tiores
1260 2009 1329 2071 sin-

230 2113 293 2197 guli
319 2113 486 2196 eVirgilio
508 2120 539 2179 et
560 2115 682 2178 Lucano
715 2115 865 2198 decerpli;
897 2115 976 2178 illius
1003 2115 1178 2176 memoriam
1205 2118 1330 2175 revocat

229 2217 393 2280 verborum
414 2218 559 2296 inversio,
580 2219 824 2282 huiusversuum
840 2218 975 2282 facilitas.
1019 2217 1126 2284 Sermo
1149 2219 1179 2279 in
1201 2217 1327 2280 univer-

230 2340 296 2384 sum
318 2327 365 2384 est
385 2338 480 2403 purus
508 2328 538 2384 et
564 2321 602 2384 ad
629 2328 764 2386 veterum
791 2324 974 2404 scriptorum
995 2323 1176 2404 elegantiam
1198 2321 1327 2383 concin-

230 2431 328 2504 natus,
349 2427 446 2488 rarius
468 2425 586 2488 mediae
608 2427 711 2488 aetatis
733 2426 872 2489 barbarie
894 2427 1121 2488 contaminatus.
1165 2424 1253 2500 Quae
1268 2423 1327 2486 lo-

232 2529 349 2592 hannes
371 2535 477 2593 noster
497 2531 528 2592 in
549 2531 640 2594 rebus
657 2532 858 2613 grammaticis
870 2530 1030 2610 deliquerit
1046 2530 1095 2592 vel
1111 2535 1250 2610 tempore
1270 2545 1327 2590 suo

230 2635 338 2697 usitata
349 2651 410 2696 non
428 2633 647 2714 emendaverit,
670 2653 709 2698 ex
720 2635 899 2698 Poliaratioo
915 2641 946 2698 et
956 2633 1140 2715 bletulogico
1156 2631 1325 2695 enotavitB.

230 2737 407 2802 Thorlaeius
430 2739 460 2800 in
483 2738 694 2802 dissertatione
716 2741 880 2821 inscripta:
901 2738 1050 2816 „Quolmu
1061 2739 1222 2801 literarum
1238 2735 1327 2800 clas-

230 2842 366 2905 sicorum
387 2843 592 2924 cognitionem
613 2843 831 2906 seculoxrlmo
851 2843 1010 2907 lebannes
1031 2841 1153 2906 Sorisb.
1176 2837 1326 2904 babuerit.

229 2945 267 3008 Io
288 2947 411 3008 Prolus.
436 2953 466 3009 et
489 2943 599 3026 Opusc.
629 2945 694 3010 l'ol.
718 2945 750 3008 V.
771 2967 803 3028 p.
817 2945 869 3009 82.
913 2946 1055 3009 linonioe
1067 2943 1178 3008 1822.α
1219 2943 1328 3007 Rarius

229 3050 345 3112 incides
366 3050 397 3112 in
418 3050 621 3114 barbarismos
643 3058 673 3114 et
693 3051 894 3115 soloecismos
916 3051 1092 3114 incarmine
1109 3055 1226 3126 nostro,
1244 3049 1328 3130 quod

230 3153 361 3235 quidem,
383 3160 416 3216 nt
436 3153 611 3232 docuimus,
637 3160 772 3243 veterum
800 3159 958 3236 poetarum
979 3154 1116 3234 vestigiis
1138 3155 1254 3216 candus
1274 3154 1327 3214 in-

229 3257 373 3339 greditur.
419 3257 509 3332 Quod
531 3259 610 3321 enirn
633 3259 672 3322 de
692 3261 832 3322 institutis
860 3266 890 3322 et
915 3257 1007 3322 rebus
1031 3257 1194 3338 antiquitati
1215 3259 1329 3339 ignon's

230 3364 349 3444 antiqua
371 3369 496 3445 usurpat
521 3363 685 3443 vocabula,
713 3383 791 3445 quae
813 3366 850 3427 iis
872 3363 1155 3427 accommodaverat
1174 3362 1330 3444 posterior

230 3473 322 3545 aetas,
345 3485 406 3530 non
429 3463 488 3546 est,
511 3467 594 3549 quod
615 3468 882 3552 reprehendamus.
926 3469 1023 3548 ipsius
1045 3466 1209 3547 prosodiae
1229 3465 1327 3547 leges,

229 3589 409 3652 quamquam
422 3573 518 3634 minus
532 3589 548 3634 a
560 3589 595 3634 se
607 3572 707 3634 curari
720 3574 786 3652 ipse
803 3572 964 3635 cantitetur
983 3593 1012 3634 v.
1029 3569 1096 3648 177,
1120 3577 1219 3633 tamen
1229 3571 1327 3632 rarius

228 3675 363 3753 violavit,
387 3693 476 3757 quam
498 3677 735 3755 exspectaveris.
780 3674 965 3738 Graecorum
978 3675 1099 3757 quidem
1110 3674 1327 3738 vocabulorum

229 3780 358 3863 syllabas
390 3777 530 3860 producit
561 3780 609 3842 vel
633 3781 757 3861 corripit
777 3795 834 3860 pro
862 3781 985 3842 arbitrio
1008 3800 1035 3843 e.
1060 3797 1089 3861 g.
1112 3799 1140 3842 v.
1163 3778 1192 3840 2.
1216 3777 1327 3842 Pbilo-

229 3883 583 3964 sopbiowoooo)
605 3883 847 3965 italegendum:
869 3902 1060 3961 -oo-o,
1086 3903 1114 3946 v.
1142 3883 1176 3945 11
1200 3881 1328 3945 Atellata

229 3993 265 4063 (o
286 4025 305 4038 -
327 4027 347 4039 -
370 3992 407 4064 -)
430 3990 484 4050 ita:
505 4007 524 4050 o
545 4007 564 4049 o
584 4025 604 4037 -
625 4007 658 4064 o;
681 4007 708 4049 v.
724 3987 759 4049 11
783 3987 953 4052 Pbronesa's
974 3993 1012 4064 (o
1031 4025 1051 4038 -
1072 3993 1108 4064 o)
1141 3989 1195 4050 ita:
1217 4003 1237 4047 a
1256 4005 1276 4047 o
1296 4023 1327 4063 -,

228 4093 330 4156 ultima
352 4091 467 4175 syllaba
488 4098 613 4174 propter
635 4099 853 4155 consonantem
869 4099 1047 4174 sequentem
1061 4094 1142 4174 juste
1163 4091 1326 4172 producta;

228 4197 406 4279 Pbilolopio
427 4201 464 4272 (o
483 4213 502 4259 o
522 4215 541 4259 o
561 4215 580 4258 o
600 4202 636 4273 o)
658 4217 685 4260 v.
704 4196 760 4258 176
781 4195 835 4260 ila:
858 4233 878 4248 ·
899 4215 918 4259 o
939 4215 957 4260 o
979 4235 997 4248 -
1020 4195 1325 4275 o,v.177,oo-oo.
