2924 4974
594 459 640 536 dl

268 659 494 744 CuJuscumque
513 661 560 724 rei
580 661 714 724 firmetur
735 661 839 743 opinio
861 679 943 741 vere,

141 777 234 840 1120.
353 777 419 842 lloc
439 784 527 842 vetus
547 777 718 860 Endymion
741 779 859 841 censuit
879 796 949 842 esse
970 777 1068 842 fidem.
1130 749 1206 778 ΜΝ
1239 751 1265 778 ⁰*

266 894 385 958 Asserit
405 911 551 973 errorem,
573 895 599 958 si
620 894 673 958 lint
695 895 800 976 opinio
822 893 923 972 fallax,

350 1011 498 1092 Famaque
519 1013 631 1076 nesciri
652 1010 724 1074 dicit
746 1017 776 1074 et
796 1017 860 1074 arte
880 1011 998 1094 prohat.

266 1127 385 1192 Falsum
406 1129 549 1208 nescitur,
572 1129 642 1210 quin
663 1127 745 1192 nulla
766 1129 891 1192 scientia
912 1125 994 1204 follit,

349 1243 415 1307 Neo
435 1245 611 1328 permisceri
631 1244 685 1308 lux
705 1243 910 1324 tenebraeque
930 1244 1039 1307 valent.

141 1359 231 1422 1125,
264 1360 417 1424 interdum
438 1363 504 1426 veri
524 1361 630 1444 specie
650 1360 794 1426 luduntur
812 1363 930 1438 inanes,

348 1476 536 1559 Votivaeque
556 1478 602 1542 rei
624 1477 719 1542 dulcis
741 1478 843 1560 imago
865 1482 956 1540 teum.

243 1665 246 1672 ¹
266 1591 343 1656 Sunt
363 1611 441 1676 quos
462 1611 521 1657 nec
541 1611 656 1672 verum,
679 1613 737 1658 nec
758 1611 834 1657 vero
853 1593 963 1658 mulcet
978 1593 1090 1676 imago,

349 1708 410 1774 Sed
430 1710 493 1774 vitii
513 1711 635 1792 species
656 1709 792 1792 saneque
813 1710 881 1774 sola
898 1711 1012 1792 juvant.

263 1824 319 1888 Est
339 1825 386 1889 sol
408 1826 573 1890 conformis
594 1844 680 1905 vero,
700 1827 839 1908 falsoque
861 1826 981 1904 Selene,
1090 1819 1233 1931 ffiffiffi
1254 1833 1288 1931 ζ

138 1940 229 2004 1130.
349 1941 434 2016 Quae
455 1943 555 2006 lucem
576 1943 697 2007 simulat
717 1950 748 2007 et
767 1943 923 2008 maculosa
943 1949 1052 2006 manet.
1090 1962 1206 2002 strennum
1224 1921 1286 2002 mn.

262 2055 338 2120 Nam
359 2058 443 2139 quod
464 2059 520 2122 snb
541 2059 612 2123 luna
633 2079 753 2138 venum,
775 2060 915 2122 mutabile
936 2066 1031 2138 nutat,

347 2173 409 2238 Sed
431 2193 505 2238 curu
525 2176 633 2253 solem,
654 2174 715 2240 fida
736 2179 837 2258 quieta
858 2183 988 2240 manent.

261 2289 382 2372 Regnat
400 2291 432 2353 in
454 2291 584 2354 excelsis
605 2311 722 2371 verum,
742 2294 826 2376 uiget
847 2311 935 2357 error
954 2294 986 2356 in
1007 2293 1073 2356 imis

344 2407 383 2469 Et
403 2406 477 2470 fallit
496 2407 639 2489 populos,
662 2425 740 2488 quos
761 2426 840 2490 vega
861 2407 933 2472 lona
953 2410 1071 2492 premit.

134 2521 226 2584 1135.
262 2522 351 2586 Clara
372 2541 466 2606 super
486 2523 588 2586 lunam
610 2541 741 2606 superos
762 2525 828 2586 veri
848 2530 932 2588 tenet
953 2524 1030 2602 aula,

344 2639 473 2704 lnlerius
494 2639 639 2702 mundum
659 2640 780 2703 nnbdus
802 2657 890 2703 error
911 2641 981 2724 agit.

257 2757 426 2820 Arcesilam
447 2758 583 2837 sequitur
603 2755 767 2820 Academia
787 2757 888 2838 prisca
908 2755 1069 2820 docentem
1085 2727 1286 2846 ”Zpff'ffimff

342 2872 380 2935 Et
401 2890 500 2954 genus
520 2873 684 2936 humanum
703 2871 773 2935 luce
795 2891 901 2936 carere
922 2873 1002 2937 iacit.
1092 2879 1140 2913 *¹¹¹⁰*
1154 2869 1273 2978 ’ἔξω

257 2990 385 3053 Doctior
402 2989 599 3052 Antisthenes
619 2988 832 3067 Academicus,
855 2990 956 3052 omnia
975 2989 1074 3052 solum
1109 3023 1259 3070 mmmm

136 3104 223 3167 1110.
342 3105 428 3170 Scire
449 3106 548 3168 Deum
570 3105 642 3168 dicit
662 3111 693 3168 et
712 3105 830 3168 ratione
851 3105 967 3186 probat.
1125 3089 1245 3128 mmm·

256 3223 415 3286 Asseritet
427 3239 557 3304 superos
569 3221 797 3304 quamplurima
808 3221 899 3299 scire,
911 3239 1083 3284 necomnes

342 3337 459 3416 Omnia,
481 3338 623 3402 mortales
643 3338 773 3421 paucula
793 3338 873 3400 scire
897 3343 989 3420 putat,

256 3455 390 3518 Haesitat
407 3456 578 3534 ineundis,
600 3456 659 3518 nisi
680 3456 897 3537 quaeratione
918 3453 1083 3536 probentur

339 3571 424 3650 Viva,
447 3573 496 3634 cui
517 3577 625 3652 stupor
645 3576 693 3636 est
713 3591 776 3636 non
797 3571 939 3636 habuisse
960 3570 1060 3633 iidem.

133 3687 221 3748 1115.
255 3687 335 3751 Vivit
356 3689 436 3750 enim
456 3689 545 3767 ratio,
567 3705 646 3770 quae
666 3707 724 3771 per
744 3705 778 3751 se
800 3693 871 3750 nota
893 3687 1020 3770 patescit
1082 3702 1279 3748 cuntramnus

338 3803 400 3866 Aut
420 3822 477 3886 pen
497 3822 532 3869 se
554 3806 634 3868 notis
655 3821 778 3886 semper
799 3802 908 3866 adesse
930 3802 1017 3867 solet.

195 3971 228 4019 V.
241 3966 313 4019 1119.
331 3969 394 4031 Arg.
413 3971 508 4032 Dogm.
526 3972 584 4032 eius
601 3971 658 4030 Lm,
677 3971 735 4032 ejus
753 3971 841 4032 dogm.
859 3971 922 4020 Hm.
956 3972 989 4020 V.
1004 3967 1078 4019 1129.

129 4034 192 4096 Arg.
214 4035 292 4097 Quod
307 4037 382 4086 deest
395 4036 421 4086 in
432 4039 493 4096 Hm,
503 4063 535 4073 —
545 4037 716 4088 assimulatur
725 4039 775 4088 soii
783 4039 840 4096 Lm,
859 4037 910 4087 soli
923 4037 1038 4086 uss.Hm
1048 4063 1080 4071 -

128 4103 265 4161 Sclenoll,
284 4103 366 4152 sileno
376 4103 405 4152 L.
440 4104 473 4152 V.
484 4102 558 4152 1131.
575 4103 626 4154 Pro
637 4104 822 4154 curalortnsse
832 4104 985 4165 legendnm:
1000 4103 1079 4152 ultre

128 4170 243 4218 Sensum
261 4169 341 4220 etiam
358 4169 477 4230 praebet,
505 4169 529 4218 si
552 4183 616 4219 curo
633 4181 681 4231 pro
699 4169 853 4231 imperativo
872 4168 958 4218 sumis
976 4173 1080 4230 etpost

128 4237 206 4284 sotem
224 4234 397 4297 interpungis.
433 4237 465 4286 V.
481 4235 551 4285 1131.
569 4234 633 4298 Arg.
652 4240 736 4286 totum
756 4238 831 4287 deest
848 4235 875 4285 in
892 4235 954 4285 Hm.
