2912 4976
723 463 796 542 100

203 671 302 742 luntas,
334 683 422 746 neque
454 669 563 726 diversa
594 686 612 727 a
644 673 740 728 nature
771 669 921 741 creatrice,
957 669 1002 726 cui
1033 687 1059 726 v.
1092 663 1154 727 627
1188 672 1306 744 opponi-

204 780 248 832 tur
284 779 379 832 uatum
418 779 520 832 creata.
586 771 647 846 0pe
682 773 769 844 lucia,
806 790 887 847 quam
918 789 1002 846 supra
1033 791 1060 829 v.
1094 766 1157 830 379
1189 791 1250 848 sqq.
1281 775 1306 830 iu

203 877 428 951 disceptationem
460 883 625 948 vocaverat,
656 875 728 934 rutio
760 877 875 934 humana
907 875 1025 934 rationis
1050 876 1164 934 Divinae
1196 878 1307 935 forman

202 981 301 1052 induit,
333 997 404 1056 quae
434 979 582 1038 similitudo
614 981 664 1038 liei
689 981 775 1053 vulgo
809 987 941 1052 vocatur,
974 979 1108 1036 accedens
1139 980 1176 1037 ad
1208 981 1307 1053 imagi·

201 1099 262 1142 nem
298 1084 348 1142 Dei
378 1083 481 1142 nomini
517 1083 643 1142 innatam.
703 1083 760 1142 ilac
792 1083 966 1142 sinilitudine
1003 1091 1034 1142 nt
1069 1085 1154 1142 horno
1192 1085 1309 1156 fruatur,

201 1187 319 1248 muueris
345 1193 389 1246 ast
414 1203 479 1246 usus
504 1188 549 1246 rel
574 1187 683 1260 gratiae
713 1186 815 1246 donum
841 1205 869 1246 v.
896 1182 957 1246 645
979 1204 1039 1260 sqq.
1072 1188 1184 1260 Triplex
1211 1189 1309 1246 deinde

201 1291 329 1350 tribuitur
354 1291 456 1350 rationi
480 1291 613 1348 lauream
637 1291 779 1364 spectandi
809 1293 853 1349 vel
880 1291 1070 1364 cognoscendi
1100 1291 1217 1363 modus,
1249 1291 1310 1364 pri-

201 1413 259 1454 mus
297 1401 340 1454 est
386 1395 577 1466 concretivus,
609 1411 688 1468 quem
725 1409 777 1452 noa
812 1395 1007 1466 syntneticnnr,
1040 1395 1192 1466 secundus,
1230 1411 1309 1467 quem

199 1499 362 1572 nuqucua
383 1513 529 1572 emamus,
559 1499 666 1571 tertius,
698 1499 915 1572 coercentium,
941 1499 1052 1570 logicae
1072 1499 1217 1570 tribuitur,
1245 1500 1308 1572 quis

200 1609 317 1660 menum
348 1602 490 1660 inmemor
522 1618 578 1661 non
603 1617 653 1676 per
685 1617 716 1658 ae
746 1603 849 1674 solam,
879 1600 929 1658 sed
960 1616 1016 1658 nou
1041 1600 1093 1658 nisi
1119 1601 1308 1673 comparando

198 1707 309 1780 logicae
344 1719 400 1778 ope
435 1721 531 1763 verum
569 1719 743 1776 cognoscere
779 1721 862 1778 posse
898 1704 984 1778 ponit
1043 1703 1198 1776 Cognoscit
1234 1720 1308 1772 meus

199 1825 293 1866 verum
324 1825 468 1868 musarum
495 1808 567 1866 serie
592 1807 780 1882 persequenda
806 1807 842 1866 ad
867 1807 979 1882 primam
1007 1823 1116 1864 musam
1145 1810 1306 1868 ascendens.

199 1913 240 1969 Gi.
262 1911 352 1969 lietal.
374 1912 423 1984 lV,
444 1905 494 1968 39.
537 1912 637 1971 {lautu
658 1915 678 1982 s
699 1907 730 1983 7,
751 1928 778 1985 p.
802 1906 843 1968 50
863 1928 922 1985 sqq.

280 2015 338 2073 llac
358 2015 547 2090 speculatione
568 2032 659 2073 rerum
675 2015 738 2072 dum
760 2014 891 2072 coelestia
913 2021 941 2070 et
962 2021 1073 2072 ueterna
1088 2031 1149 2072 curn
1166 2018 1307 2075 mundanis
1355 2000 1358 2008 ¹

197 2125 226 2176 et
252 2119 329 2176 vania
356 2124 565 2194 comparantur,
593 2118 751 2176 accenditur
782 2117 873 2175 mundi
901 2124 1072 2190 contemptus
1098 2125 1126 2174 et
1152 2120 1203 2177 Dei
1229 2138 1307 2178 umor

201 2241 228 2279 v.
256 2217 319 2281 679
346 2239 417 2296 sqq,
452 2223 498 2296 qui
524 2222 595 2280 inter
625 2239 657 2279 se
690 2222 829 2294 conjuncti
864 2221 984 2279 efficiunt
1015 2221 1141 2280 timorem
1161 2224 1226 2295 liei,
1261 2225 1306 2297 qui

200 2326 347 2384 secundum
381 2326 548 2400 Scriptorum
581 2339 687 2382 sacram
719 2331 762 2382 est
792 2323 985 2398 Philosophiae
1020 2325 1192 2400 principium.
1247 2329 1305 2385 linc

198 2431 297 2488 timore
322 2432 407 2487 homo
438 2432 528 2503 gratia
553 2430 650 2487 lliuina
684 2429 882 2487 interveniente
913 2429 944 2486 tit
969 2430 1042 2486 Deus
1074 2431 1109 2486 ad
1140 2431 1190 2488 Dei
1222 2431 1304 2488 trioni

198 2537 283 2592 instar
305 2552 331 2591 v.
354 2527 414 2591 695
436 2551 496 2608 sqq.
539 2535 674 2606 Nusquam
695 2533 790 2604 legere
811 2532 919 2588 memini
940 2532 1009 2589 hauc
1031 2534 1172 2604 mysticam
1194 2535 1304 2592 doetri-

201 2654 262 2694 nans
284 2644 338 2694 tam
360 2637 463 2694 diserte
484 2653 650 2710 expressam.
693 2636 748 2694 Sed
770 2635 805 2693 ed
826 2636 896 2692 hane
917 2635 1093 2708 divinitatem,
1116 2655 1195 2710 quam
1217 2655 1304 2710 argu-

203 2741 333 2800 mentatio
355 2741 493 2798 hominurn
515 2740 609 2798 anisnis
630 2739 795 2810 vindicavit,
817 2739 939 2796 honnines
961 2739 1106 2812 pervenire
1131 2747 1229 2813 negat,
1252 2743 1303 2798 nisi

198 2845 309 2904 omnino
335 2844 527 2918 superaverint
550 2844 664 2915 laetum,
689 2842 718 2900 id
743 2843 817 2915 quod
849 2842 943 2916 paucis
970 2843 1015 2900 vel
1042 2844 1141 2900 nemini
1168 2847 1299 2920 contigit.

197 2950 243 3006 Cl.
268 2967 312 3006 vv.
336 2940 397 3007 283
420 2966 478 3023 sqq.
500 2955 528 3004 et
549 2941 607 3004 431
632 2962 692 3020 sqq.

628 3529 662 3585 V.
687 3525 747 3587 727
757 3523 873 3588 -738.’

429 3697 619 3757 aucasutAE
648 3697 691 3754 ΕΤ
717 3695 862 3754 cultellis
890 3697 1069 3754 occultius.

655 3907 837 3920 «ψ’-1.*

289 4100 382 4172 ltaque
413 4098 575 4156 recentioris
607 4098 770 4155 Academiae
802 4103 830 4153 et
860 4097 977 4154 Zenonis
1003 4086 1117 4152 Eleatici
1150 4093 1304 4152 dubitatio-

200 4211 260 4261 ncna
283 4204 392 4262 omnino
408 4203 498 4276 rejicit
513 4221 538 4262 v.
557 4197 617 4262 727
635 4220 706 4276 sqq,
728 4217 887 4276 quamquem
911 4201 974 4258 aiibi
994 4199 1219 4256 Academicorum
1241 4215 1306 4255 sno·
