2912 4976
638 451 940 616 ,με’

189 707 325 765 nominum
348 709 464 783 deniqne
485 708 712 781 interpretatione
733 726 789 768 non
810 716 864 768 tam
885 716 1009 768 veteram
1026 707 1191 782 scriptorum
1208 709 1291 765 locos

189 828 266 880 mam
288 813 483 886 etymologiam
505 829 566 872 esse
587 813 792 887 consulendam,
820 831 844 872 e.
866 832 894 888 g.
937 813 1047 873 (iccium
1069 832 1085 872 a
1111 801 1207 883 κακός
1228 829 1292 870 esse

188 917 361 989 malevolum,
383 917 509 976 Carinum
532 936 547 975 a
569 912 672 980 sarire
693 922 736 980 ael
759 923 898 980 corinnae
914 919 1121 978 conviciantem.
1150 918 1226 987 Quae
1243 936 1288 975 vv.

192 1011 354 1078 1535-42
375 1022 410 1079 de
431 1023 568 1097 hospitum
589 1026 668 1082 initis
690 1033 717 1082 et
739 1025 878 1082 calumniis
900 1024 1088 1098 proteruntur,
1108 1023 1179 1080 banc
1200 1023 1290 1078 inter-

187 1125 367 1197 pretationem
394 1142 449 1182 non
475 1128 705 1201 magislirmant,
732 1147 810 1202 quam
832 1138 926 1186 meam.
968 1129 1073 1185 Versus
1094 1135 1183 1184 autem
1208 1121 1288 1182 1565

187 1232 215 1284 et
240 1219 295 1300 66,
321 1229 507 1287 etiamsinon
528 1231 655 1290 Herbstio
676 1234 1071 1290 manecornannnisnomiao
1097 1248 1152 1288 non
1175 1231 1208 1288 de
1230 1231 1288 1286 vita

187 1331 346 1404 monastica,
368 1334 417 1390 scd
428 1334 547 1392 dovitae
568 1335 744 1408 quotidianae
765 1334 962 1394 consuetudine
972 1335 1114 1408 accipiam,
1136 1334 1289 1391 nonminns

188 1436 222 1491 de
248 1437 420 1494 scholaribus
447 1444 475 1494 et
501 1439 638 1510 magistris
664 1439 833 1496 secularibus
859 1441 966 1510 valent,
994 1456 1074 1511 quam
1096 1439 1131 1494 de
1151 1437 1288 1511 hospitum

187 1541 357 1613 quorundam
382 1541 552 1614 privatorum
579 1558 729 1616 eorumque
755 1541 886 1598 nobilium
913 1541 1043 1598 moribus.
1082 1541 1178 1614 Neque
1198 1557 1288 1612 nega-

186 1644 271 1701 verim
293 1663 337 1702 vv.
361 1637 439 1701 1553
462 1639 583 1703 er1588
605 1647 750 1703 secundam
772 1645 851 1702 verbi
871 1661 1018 1718 personam
1040 1651 1092 1701 tam
1105 1645 1139 1700 de
1161 1661 1288 1717 quocun-

187 1763 250 1820 que,
272 1753 301 1804 ul
322 1747 423 1804 amicus
441 1748 614 1806 adversarius
636 1749 752 1820 flagitat,
774 1749 995 1822 peregrinaturo,
1017 1765 1095 1821 quarn
1118 1749 1153 1804 de
1174 1756 1289 1806 auctore

186 1867 268 1924 posse
289 1850 392 1925 accipi,
414 1853 600 1910 minuatamen
623 1853 782 1924 concedam,
804 1835 924 1910 v.'1593
946 1867 1048 1909 novum
1070 1851 1190 1909 describi
1200 1869 1288 1924 genus

186 1954 324 2027 hospitam
346 1955 446 2011 Carino
470 1957 635 2012 contrarium
658 1972 769 2028 eornm,
796 1956 843 2028 qui
870 1955 969 2012 divites
990 1962 1018 2012 et
1043 1957 1182 2015 formosos
1204 1973 1288 2028 pere-

186 2057 342 2129 grinatores
374 2065 552 2132 aspernentur
584 2065 612 2114 et
643 2059 800 2116 meretrices
832 2059 994 2132 peregrinas
1026 2058 1155 2132 excipere
1187 2060 1288 2117 malint.

186 2161 251 2217 Tum
277 2163 371 2219 saltem
398 2161 442 2218 bic
468 2163 502 2218 de
529 2159 682 2234 hospitibus
707 2161 821 2234 privatis
849 2166 922 2217 esset
947 2161 1140 2232 cogitandum,
1174 2162 1288 2219 Carinus

185 2281 268 2336 vero,
300 2266 345 2339 qui
366 2267 505 2340 peculatus
526 2282 591 2323 reos
613 2264 741 2338 excipere
763 2265 884 2336 dicatur,
912 2279 964 2338 pro
992 2279 1117 2338 caupone
1138 2266 1289 2322 habendus.

184 2371 225 2426 De
251 2370 377 2442 peculatu
403 2371 472 2426 enim
499 2368 627 2439 intelligit
653 2385 680 2424 u.
706 2360 957 2425 15921terhstius.
1000 2367 1061 2440 Ego
1084 2384 1153 2427 vero
1175 2371 1289 2442 cogita-

185 2472 270 2530 verim
292 2473 326 2530 de
348 2473 497 2530 litterarum
519 2471 659 2543 studiosis,
681 2471 728 2545 qui
748 2471 881 2540 beneficia
907 2473 951 2528 vel
972 2471 1189 2544 praebendarum
1211 2475 1289 2530 redi-

186 2581 240 2648 tus,
261 2577 378 2633 fortasse
401 2577 481 2632 etiam
494 2574 651 2632 monasterii
661 2577 704 2632 vel
727 2573 844 2632 civitatis
866 2575 1007 2648 pecuniam
1029 2575 1094 2648 ipsis
1117 2577 1288 2634 commissam

185 2679 377 2752 cupiditatibus
404 2680 512 2754 abrepti
538 2680 696 2736 dillundant.
740 2679 858 2736 Eosdem
879 2695 1003 2750 agnosco
1025 2695 1051 2736 v.
1076 2673 1155 2737 1593
1178 2699 1237 2756 sqq.
1259 2683 1287 2739 in

185 2783 275 2840 Carini
301 2784 421 2857 hospitio
449 2801 509 2840 oum
529 2783 654 2842 iohanne
681 2772 777 2840 nostro
806 2789 1022 2853 commorantes,
1049 2783 1097 2856 qui
1118 2791 1145 2840 ct
1166 2792 1287 2858 sumptus

184 2893 304 2944 metuere
320 2887 444 2945 dicuntur
460 2887 476 2943 i.
494 2905 518 2944 e.
536 2887 683 2960 impensam
698 2887 813 2959 pauperi
829 2886 917 2944 amico
938 2887 1125 2958 peregrinanti
1140 2895 1288 2960 praestan-

185 2994 260 3064 dam,
283 2999 310 3049 et
335 2992 431 3048 laciern
453 2992 511 3048 eins
533 2991 550 3046 i.
579 3008 603 3047 e.
626 2991 785 3063 adspectum
806 2989 913 3061 vereri,
936 3005 970 3044 ne
991 2989 1038 3045 ille
1057 2989 1218 3049 dissolutam
1240 2994 1287 3067 ip-

185 3113 275 3153 sorum
299 3095 525 3152 animadverteret
546 3095 637 3151 uitam.
681 3093 827 3165 Peregrina
849 3092 902 3149 illis
923 3092 1011 3164 magis
1032 3095 1123 3166 placet
1144 3097 1285 3170 meretrix,

177 3200 296 3274 opinor,
318 3200 379 3272 quia
403 3200 461 3256 aliis
484 3200 569 3256 minus
592 3199 704 3271 cognita
726 3200 844 3272 ideoque
867 3205 894 3254 et
905 3197 1012 3255 fidelior
1034 3197 1087 3254 erit
1107 3206 1135 3255 et
1151 3199 1286 3258 difficilius

184 3303 286 3378 prodet
305 3303 590 3375 morurnpravitatem.
632 3301 810 3359 Nihilominus
833 3301 1036 3374 circumspectis
1058 3303 1140 3360 rebus
1161 3305 1286 3361 omnibns

183 3405 388 3478 rationibusque
416 3405 554 3462 subductis
581 3405 678 3461 dubias
700 3405 758 3460 lere
780 3405 898 3474 haereo,
925 3410 1011 3461 utram
1033 3405 1286 3480 interpretationem

183 3509 349 3584 praeferam:
372 3515 568 3580 argumentum,
591 3525 644 3582 quo
666 3509 700 3564 lis
722 3506 872 3578 dirimatur,
894 3508 1075 3565 firmum‘fnon
1097 3513 1195 3583 reperi.
