2912 4976
739 478 787 556 es
840 583 863 590 ..

214 699 297 740 verae
322 683 409 742 lundis
441 685 484 742 vel
511 685 619 758 gloriee
651 703 713 742 esse
738 689 836 758 Deum,
869 685 986 760 speciem
1013 687 1056 742 uel
1084 687 1200 744 formam
1229 687 1314 744 ideam

213 785 296 858 honi,
329 789 460 846 artiilcern
486 789 610 864 spiritnrn
636 795 757 847 sanctum
784 796 813 846 et
839 791 916 846 duem
944 789 995 846 Dei
1027 806 1147 848 amorem
1181 792 1314 861 agnoseit,

213 889 309 960 laudis,
332 891 448 964 inquam,
471 894 514 950 uel
530 892 639 965 gloriae
661 893 742 965 illins,
765 909 845 980 quae,
868 893 997 965 religioni
1017 910 1073 950 non
1095 895 1183 950 minus
1205 911 1315 967 propo-

212 992 263 1049 sita
284 1009 363 1066 quam
385 995 585 1069 philosophiae,
609 997 772 1071 scripturam
793 1013 899 1054 sacrem
919 997 1002 1053 habet
1022 998 1154 1069 reginam,
1183 998 1228 1055 cui
1255 997 1315 1070 qai-

212 1095 274 1152 dear
294 1096 453 1172 disciplinae
474 1099 684 1174 philosophicae
706 1101 896 1158 contradicere
923 1115 979 1157 non
1004 1108 1122 1174 possunt
1148 1103 1189 1167 (v.
1212 1095 1313 1158 375-

212 1195 297 1268 450).

294 1303 446 1362 iohannem
468 1305 598 1364 hahemus
619 1307 706 1365 riram
734 1307 837 1380 ingenii
868 1308 941 1364 haud
965 1309 1105 1380 uulgaris,
1131 1324 1221 1381 neque
1250 1326 1315 1366 eru·

211 1407 338 1464 ditiorem
360 1425 439 1482 qaam
460 1411 683 1483 ingeniosiorcm.
716 1413 809 1486 Neque
830 1411 1017 1468 enim'didicit
1033 1418 1146 1484 mnium,
1168 1412 1314 1469 sedetiam

211 1527 281 1582 quae
302 1510 407 1586 didicit,
429 1529 481 1587 pro
504 1515 580 1572 iatius
602 1515 698 1572 notetis
715 1517 810 1588 genio,
832 1515 934 1588 optimc
945 1516 1109 1588 composuit.
1142 1515 1314 1586 Cumsyste-

212 1620 283 1672 mata
309 1615 535 1690 philosophorum
567 1625 597 1675 et
621 1618 834 1691 theologorum,
867 1635 937 1692 qnae
963 1617 1078 1676 invicem
1106 1634 1136 1673 se
1163 1619 1314 1692 excipiunt,

210 1718 332 1774 actalia
354 1719 388 1776 nh
410 1720 469 1776 eliis
490 1720 637 1794 pendeant,
663 1728 710 1779 aut
730 1722 784 1779 sihi
805 1721 992 1793 adversentur,
1021 1722 1216 1794 quaerendum,
1244 1722 1314 1777 unde

209 1821 348 1880 lohannes
369 1823 521 1882 doctrinam
542 1843 616 1882 suam
639 1827 768 1898 hauserit,
795 1827 839 1884 rel
861 1827 958 1900 quihus
979 1827 1147 1899 potissimum
1170 1843 1200 1882 se
1222 1827 1314 1899 appli-

211 1927 306 1982 cuerit.
355 1929 542 2000 Cognouimue
569 1929 627 1986 eius
654 1937 866 2003 praeceptores,
898 1929 948 1986 sed
973 1946 1078 2003 paucos
1110 1930 1155 1986 vel
1182 1930 1313 1986 neminem

210 2047 306 2088 eornm
328 2039 425 2106 postea
447 2033 557 2090 omnino
579 2035 722 2107 probauit3
744 2036 863 2107 legendo
886 2036 979 2108 potius
995 2051 1075 2106 qnam
1090 2034 1229 2090 audiendo
1251 2033 1313 2088 uni-

210 2151 281 2190 mum
303 2141 473 2208 mentemque
494 2136 528 2194 nd
549 2139 703 2210 Augustini,
724 2137 855 2210 Anselmi,
876 2137 1024 2195 Abaelnrdi
1046 2143 1073 2192 et
1094 2136 1230 2208 llugonis,
1251 2137 1313 2193 ior-

209 2244 281 2294 taasc
314 2238 393 2294 etiam
425 2238 460 2296 nd
492 2240 620 2297 llichardi
652 2259 668 2298 a
701 2243 804 2299 Sancto
836 2242 951 2298 Victore
989 2242 1092 2313 scripta
1120 2239 1311 2310 conformavit,

211 2357 298 2414 neque
320 2347 407 2398 tamen
430 2348 518 2398 tolum
540 2344 572 2400 iis
594 2361 624 2400 se
646 2345 735 2418 dedii,
762 2344 811 2402 sed
832 2361 884 2418 pro
907 2344 1010 2416 ingenii
1031 2345 1184 2401 constantia
1206 2349 1235 2399 ct
1254 2343 1312 2398 sin·

210 2444 301 2516 gulari
326 2445 480 2502 eruditione
507 2462 542 2502 ex
568 2446 683 2504 aliorum
711 2448 791 2504 eliam
818 2449 895 2506 lihris
922 2449 1004 2504 multa
1030 2447 1168 2521 decerpsit
1194 2453 1223 2502 et
1248 2463 1311 2502 sune

211 2547 353 2605 doctrinae
374 2549 495 2621 inseruit,
522 2550 559 2606 ila
581 2557 680 2622 tamen,
703 2558 732 2607 ut
753 2552 825 2624 apud
851 2552 937 2625 ipsum
966 2551 1056 2608 omnia
1077 2551 1164 2622 magis
1191 2551 1262 2606 inter
1282 2566 1312 2606 se

211 2652 382 2708 consentiant
402 2657 430 2707 el
451 2653 626 2724 cohaereant,
654 2652 770 2727 ideoque
792 2654 897 2710 iacilius
918 2655 1113 2726 intelligantur,
1139 2671 1219 2727 qnam
1241 2654 1311 2726 apud

211 2755 327 2828 priores.
360 2755 414 2812 Sed
436 2755 495 2827 ipre
516 2757 627 2827 majoris
649 2763 691 2812 ast
712 2757 874 2814 eruditionis
895 2763 922 2812 et
943 2773 1003 2812 mea
1023 2758 1217 2830 qualiscunque
1239 2757 1311 2813 scri-

210 2864 322 2932 ptorum
338 2857 384 2914 illa
407 2865 496 2916 aetate
517 2859 651 2915 lectorum
672 2859 770 2916 notitia
791 2859 890 2932 minor,
912 2877 993 2932 quam
1014 2867 1044 2916 ut
1065 2861 1311 2933 singulaquneque

210 2977 227 3018 e
259 2962 380 3034 priorum
415 2962 491 3018 libris
520 2967 650 3034 repetam.
703 2962 785 3019 llulta
812 2962 986 3036 suppeditant
1010 2964 1132 3034 lingonis
1163 2981 1179 3019 a
1207 2965 1309 3019 Sancto

210 3066 324 3124 Victore
345 3065 531 3125 Didascalicaa
553 3063 713 3122 eruditionis
735 3065 799 3123 libri
824 3074 928 3140 septem
963 3069 1005 3133 (ln
1026 3066 1075 3122 Ed.
1097 3067 1311 3138 Rothomngensi

215 3165 289 3228 1641
315 3171 379 3229 Vol.
400 3169 445 3226 lll.
468 3170 539 3235 init.)
562 3175 589 3226 et
610 3169 736 3225 llichardi
758 3171 898 3226 innotatus
920 3171 1125 3243 excerptionum
1147 3170 1204 3237 (ed.
1227 3171 1310 3226 Paris.

214 3269 319 3347 1518),
341 3274 396 3347 qui,
418 3275 607 3330 lennemanno
630 3272 741 3339 (deecit.
763 3273 790 3330 d.
803 3273 902 3330 Philos.
920 3274 991 3344 Vlll,
1013 3291 1040 3346 p.
1051 3267 1127 3340 249)
1149 3279 1226 3330 recte
1248 3290 1307 3329 mo-

210 3384 301 3450 nente,
323 3395 383 3435 cnm
404 3377 452 3434 illo
474 3376 599 3448 lingonis
621 3390 707 3448 opere
728 3392 826 3448 magna
848 3392 882 3432 ex
897 3383 976 3449 parte
998 3376 1143 3432 consentit.
1178 3376 1254 3443 Quae
1275 3394 1310 3432 ex

210 3483 331 3540 unctoria
363 3481 452 3538 nostri
483 3480 616 3536 sententia
648 3480 683 3544 ud
714 3479 873 3552 sapientiam
905 3480 1049 3536 conicrunt
1078 3497 1106 3536 v.
1136 3474 1310 3550 lot-170,

210 3587 305 3644 cadem
316 3585 425 3658 liugoni
440 3583 612 3642 studentibus
623 3583 777 3640 necessaria
793 3583 965 3655 videbantur,
987 3582 1034 3640 uhi
1051 3583 1107 3648 (lll.
1131 3601 1155 3640 c.
1168 3579 1210 3651 7.)
1232 3584 1310 3653 ,irin

210 3697 283 3762 sunt,
294 3689 390 3763 inquit,
401 3687 554 3746 necessaria
566 3687 750 3745 studentibusr
763 3694 868 3759 natura,
880 3687 1049 3758 exercitium,
1061 3685 1228 3759 disciplina,“
1240 3704 1310 3760 quae

210 3795 290 3866 liugn
312 3800 409 3867 postca
431 3792 530 3864 insius,
551 3790 600 3848 sed
622 3790 701 3848 etiam
724 3789 862 3848 confusius
888 3789 1031 3860 tractavit,
1053 3791 1213 3847 luculentius
1240 3808 1309 3849 uero

208 3897 349 3956 lohannes
369 3897 396 3953 in
417 3897 507 3954 Metal.
529 3895 551 3967 l,
579 3887 660 3952 7-9
688 3893 824 3966 exposita,
846 3893 926 3950 sicuti
947 3893 1001 3964 hic,
1023 3912 1049 3951 v.
1074 3887 1249 3966 lli-174,
1275 3895 1310 3951 ad

210 4002 392 4075 eloquentiam
413 3999 610 4058 accommodat.
647 3997 846 4056 Sententiarum
868 4001 895 4054 et
916 3997 1064 4055 verborum
1086 3997 1145 4056 sive
1166 4013 1262 4056 sensus
1283 4004 1311 4055 ct

201 4105 343 4166 sermonis
365 4104 423 4164 sive
444 4103 636 4178 philosophiae
657 4108 685 4158 et
706 4101 878 4175 eloquentiae
899 4100 1116 4172 conjunctionem
1143 4101 1194 4158 snb
1214 4101 1310 4160 Philo·

210 4209 302 4283 logiac
322 4209 341 4268 i.
364 4228 388 4268 c.
411 4207 524 4267 rationis
546 4209 590 4266 vel
611 4205 801 4281 philosophiae
824 4211 853 4261 et
873 4204 1000 4262 ltlercurii
1023 4204 1040 4260 i.
1064 4221 1088 4261 e.
1110 4205 1245 4262 sermonis
1267 4206 1310 4262 vel
