2924 4974
817 475 866 556 al

471 675 503 742 Si
519 693 575 742 soa
590 677 658 759 onis
674 677 765 762 plere
780 679 889 743 recolit
904 679 997 758 mma,
1013 679 1040 742 si
1054 679 1135 742 hena
1148 696 1257 762 semper

554 791 676 876 Cogitat
696 794 831 874 alterius,
852 794 935 860 unde
955 795 1106 878 superbos
1127 797 1202 858 erit?

469 909 502 974 st
523 910 660 974 meritum
681 911 762 976 vitae
782 917 905 994 penset,
926 912 952 975 si
974 910 1101 976 vindicis
1122 913 1195 976 iram

553 1026 711 1108 Posseqoe
732 1027 885 1110 respiciat,
907 1027 989 1091 unde
1009 1027 1161 1110 superbus
1184 1026 1253 1090 erit?

364 1141 437 1206 925.
470 1140 557 1206 Unde
570 1142 724 1226 soperhns
740 1143 812 1222 crit,
830 1143 857 1207 si
875 1161 912 1208 se
928 1143 1104 1226 speculatur
1119 1142 1158 1206 ad
1172 1159 1301 1224 unguem,

552 1257 1301 1342 Terra,cinis‚vermis,iaemrapor,umhra,lutuml

166 1411 193 1452 ῃ.
207 1413 253 1451 ,pp
266 1413 361 1453 „„,„,„
467 1374 536 1440 lion
556 1373 647 1440 hahet
667 1375 764 1440 clatus
784 1376 925 1440 virtmom
946 1375 1037 1454 dona,
1057 1372 1113 1439 sed
1134 1375 1177 1440 illi

550 1491 589 1556 lit
602 1491 687 1556 neas
703 1496 752 1554 est
764 1489 872 1570 hostis,
887 1491 985 1556 hostis
1001 1497 1032 1554 et
1053 1491 1150 1554 omnis
1170 1490 1268 1552 homo.

467 1607 544 1672 Elati
564 1607 678 1686 viuum,
700 1623 762 1688 qno
784 1606 898 1671 nohum
919 1606 1016 1689 majos
1036 1606 1180 1685 hahetur,

363 1722 435 1788 930.
549 1720 619 1787 lion
640 1723 710 1786 sinit
731 1721 841 1786 elatum
863 1723 963 1788 iratris
987 1739 1091 1786 amore
1111 1721 1179 1786 irui.

165 1849 193 1888 ¹²²
206 1851 363 1960 ru:¹;.i·e¹¹i-
468 1839 561 1922 Digni
580 1845 652 1902 sunt
672 1837 800 1904 humiles
820 1840 962 1904 virtutum
982 1854 1119 1918 munere,
1141 1837 1224 1920 digni

248 1931 259 1959 ⁸
287 1951 291 1960 '
550 1953 636 2020 Scire
656 1954 771 2034 Deum,
792 1954 893 2038 dignis
914 1958 976 2020 vita
997 1957 1086 2020 beata
1107 1954 1203 2020 datur.
1441 1960 1442 2042 1

469 2071 527 2146 Qui
538 2070 630 2134 docet
639 2071 716 2135 haec
726 2071 837 2150 verhis,
848 2071 1018 2154 praetendit
1032 2070 1269 2154 philosophantis

549 2185 678 2266 Nomen,
698 2187 901 2270 philosophus
921 2187 1000 2252 haec
1020 2188 1093 2252 iacit
1107 2193 1196 2269 atque
1212 2187 1307 2251 docet,

363 2301 434 2367 935.
467 2302 551 2368 llaec
565 2301 784 2368 ethristotelcs
797 2303 892 2370 iertnr
906 2303 1050 2368 docuisse
1065 2301 1230 2385 loquendo,

549 2419 669 2484 Fortius
692 2419 839 2502 exemplis
862 2420 986 2501 quilihet
1005 2422 1063 2484 ista
1084 2420 1182 2484 docet.

163 2569 279 2608 carinae,
291 2567 364 2618 ceap
469 2535 509 2600 At
523 2536 607 2600 Plato
629 2541 810 2618 symmystes
830 2537 895 2600 veri
917 2536 1073 2618 distinguit
1093 2537 1125 2600 in
1145 2535 1220 2618 ipsis

205 2644 255 2678 Μ’
268 2640 317 2686 ‘¹¹¹⁸'
550 2650 719 2730 Scihilihns,
742 2651 815 2734 quid
835 2669 886 2716 res
907 2655 988 2718 scire
1011 2658 1113 2716 creato
1134 2657 1233 2733 queat

465 2768 541 2832 llam
561 2767 633 2832 licet
653 2765 802 2832 interdum
823 2767 894 2832 fidei
916 2769 1068 2834 contrario
1089 2769 1178 2845 dicat,

362 2884 433 2948 940.
550 2883 627 2950 Sunt
646 2889 746 2948 tamen
767 2884 846 2950 illius
868 2884 996 2967 plurima
1017 2891 1104 2966 grata
1124 2885 1222 2947 bonis.

464 3001 618 3085 Principio
639 3001 730 3064 docet
750 3019 819 3066 esse
834 3000 947 3080 Deum,
970 3001 1125 3083 distinguit
1143 2987 1182 3064 hh
1205 3019 1282 3064 aevo

550 3117 683 3200 Tempus
705 3123 736 3180 et
756 3116 841 3180 ideas
864 3117 1003 3201 apphcat,
1026 3123 1108 3198 aptat
1127 3115 1228 3198 hylen.

211 3255 240 3292 m
252 3253 304 3302 me
464 3234 582 3297 lnvcnit
597 3233 818 3311 horrescimus,
834 3233 905 3298 dum
922 3238 1032 3298 cuncta
1041 3232 1167 3296 resolvit
1178 3233 1313 3314 agitque,

547 3348 585 3412 Ut
605 3348 738 3432 prodent
758 3367 867 3414 causas
889 3355 997 3414 cuncta
1019 3355 1122 3414 creata
1141 3365 1222 3411 suas.

361 3469 433 3530 945.
468 3465 499 3532 Si
511 3465 679 3549 specularis
691 3464 793 3548 hylen,
805 3481 887 3530 nunc
903 3470 950 3528 est
959 3465 1125 3530 substantia
1136 3465 1271 3545 quaeris,

549 3579 663 3646 Contra
682 3599 765 3645 nunc
786 3581 892 3646 eodem
915 3582 1048 3646 creditur
1069 3599 1140 3645 esse
1160 3581 1243 3644 nihil.

465 3699 562 3772 Quom
584 3696 655 3762 dum
675 3699 806 3780 vestigat
825 3700 912 3776 ratio,
934 3699 1022 3779 quasi
1042 3698 1160 3762 somnia
1179 3699 1280 3776 scatit,

547 3814 687 3895 Dumque
707 3821 814 3880 tenere
835 3816 932 3898 cupis,
954 3832 1026 3878 mox
1046 3814 1171 3896 fugitiva
1191 3814 1272 3877 latet.

463 3928 555 3993 Auris
578 3930 686 3993 ahesse
708 3949 817 3993 sonum
839 3932 884 3994 sic
906 3930 1177 4010 audit,dum11ihil
1199 3930 1290 4008 audit,

360 4047 430 4110 950.
549 4045 600 4111 Sic
622 4047 719 4110 oculis
740 4047 881 4110 tenebras
904 4065 996 4110 cerne
1018 4047 1150 4111 videndo
1172 4048 1258 4125 nihil,

426 4163 459 4212 V.
470 4159 525 4212 129.
545 4165 642 4214 recolat
658 4165 687 4224 L,
705 4165 795 4215 recolit
812 4165 837 4214 ll
855 4162 1010 4228 (correctio).
1044 4165 1076 4214 V.
1086 4163 1144 4214 921.
1163 4164 1265 4225 Cogitat
1282 4165 1310 4222 L,

360 4228 462 4289 Cogitet
478 4231 502 4278 H
520 4228 676 4296 (correctio).
710 4232 743 4280 V.
760 4229 820 4280 923.
839 4231 951 4280 vindicis
967 4231 1000 4290 L,
1016 4231 1115 4292 iudicis
1133 4233 1166 4282 ll.
1200 4232 1233 4282 V.
1251 4229 1309 4282 925.

360 4296 511 4356 speculatur
527 4297 561 4356 L,
580 4299 731 4359 speculetur
748 4299 773 4348 li
791 4295 945 4362 (correctio).
