2924 4974
614 481 639 559 3

233 683 302 748 lton
325 699 403 748 onus
425 685 606 767 accipimus,
632 691 665 748 ut
686 701 793 748 eorum
814 683 907 748 verba
928 701 1101 766 sequamur,

319 801 405 875 Quos
424 801 515 864 habet
536 806 677 864 auctores
700 800 838 880 Graecia,
859 801 956 864 licina
977 801 1057 863 colit.

234 917 336 982 incolo
358 933 425 979 sunt
445 917 558 982 modici
579 920 697 1001 pontis,
719 935 818 982 nouus
842 923 948 982 auctor
967 917 998 979 in
1021 921 1100 996 arte,

149 1037 200 1098 50.
315 1035 394 1098 Dum
415 1035 501 1116 prius
522 1035 676 1099 inventum
697 1035 815 1118 glorior
836 1051 907 1098 esse
927 1051 1043 1110 menm;

234 1151 324 1226 Quod
346 1150 481 1214 docuere
502 1169 604 1230 senes,
626 1169 686 1215 nee
706 1152 790 1215 novit
811 1152 907 1214 amica
923 1151 1079 1234 juventus,

315 1269 451 1332 Pectoris
471 1269 625 1332 inventum
643 1270 715 1352 juro
737 1268 832 1332 luisse
854 1268 927 1346 mci3

232 1383 344 1448 Sedulo
366 1401 414 1446 me
431 1385 580 1466 juvenum
601 1384 766 1448 circumdat
785 1383 883 1462 turbe,
903 1387 1047 1465 putatque

317 1499 448 1563 Grandia
465 1502 629 1584 jactantem
651 1518 713 1564 non
734 1501 792 1563 nisi
813 1517 886 1564 vera
906 1499 1019 1580 loqui.“

148 1620 198 1680 55.
230 1616 290 1680 lste
304 1615 418 1698 loquax
432 1618 647 1700 minimumque
663 1617 753 1681 dicax
762 1616 881 1680 redolet
894 1614 1094 1694 Melitenen,
1108 1634 1136 1672 ue
1149 1633 1280 1674 renitente.

314 1731 456 1799 Creditur
475 1734 599 1798 Albrico
621 1734 741 1799 doctior
760 1734 817 1798 iste
838 1751 906 1812 suo,

231 1847 366 1931 Corripit
385 1867 509 1913 errores
529 1851 679 1914 verbosus
700 1851 750 1914 hic
770 1848 946 1914 Altaelardi:

314 1966 439 2029 Pellitur
460 1986 477 2029 a
497 1973 605 2030 nostro
626 1968 694 2030 tn'ta
715 1972 837 2030 moneta
857 1965 936 2029 foro.

232 2082 449 2164 ,Temporibus
470 2083 615 2166 placuere
636 2084 700 2147 suis
720 2090 856 2147 veterum
876 2082 956 2145 bene
978 2079 1066 2159 dicta,

146 2199 198 2260 60.
315 2199 516 2280 Temporibus
538 2199 650 2263 nostris
668 2201 732 2282 jam
753 2217 833 2262 nova
853 2197 920 2262 sola
941 2199 1071 2281 placent.

232 2313 308 2378 Cum
329 2317 368 2378 sit
389 2316 425 2378 alt
445 2295 698 2398 ingenio⁸totum,
719 2333 782 2381 non
803 2317 842 2379 sit
862 2315 914 2378 tibi
936 2331 1039 2392 curae,

317 2432 396 2507 Quid
416 2433 501 2514 ptius
523 2433 672 2512 addiscas,
693 2433 884 2517 posteriusve
904 2430 1020 2512 legas.“

231 2547 592 2628 Haecscholanoneurat,
604 2547 1096 2630 quidsitmodus,ordovequidsit,

314 2664 411 2740 Quam
431 2671 555 2729 teneant
575 2664 685 2729 doctor
704 2663 930 2747 discipulusque
950 2665 1040 2728 viam.

146 2781 198 2842 65.
232 2780 380 2863 „Expedit
400 2797 477 2864 ergo
497 2783 595 2864 magis
616 2781 715 2844 varias
737 2780 926 2844 confundere
946 2781 1076 2864 linguas,

316 2898 413 2972 Quam
433 2904 571 2961 veterum
592 2897 700 2960 studiis
721 2897 899 2979 insipienter
920 2898 980 2980 egi.

233 3013 318 3087 Quos
329 3029 484 3092 numeros,
497 3019 548 3076 eut
558 3029 636 3094 quos
648 3029 738 3076 casus
752 3019 804 3075 aut
813 3018 950 3096 tempora
956 3015 1097 3096 jungant,

315 3127 504 3192 Grammatici
526 3135 688 3211 quaerunt,
709 3129 803 3193 verba
823 3129 953 3194 rotunda
975 3137 1096 3193 carent:

230 3244 424 3326 torquentur
443 3245 560 3324 studiis,
582 3262 656 3309 cura
675 3252 854 3328 torquentur
875 3245 972 3324 edaci,

145 3361 196 3422 70.
314 3359 402 3424 Nulla
423 3361 480 3424 sibi
503 3359 612 3424 dantur
633 3363 704 3440 otio,
726 3361 808 3426 nulla
829 3363 926 3443 quies.

230 3475 337 3540 lnlelix
358 3477 444 3542 labor
464 3483 520 3556 esi,
543 3495 632 3560 quern
649 3477 808 3542 commoda
824 3479 905 3541 nulla
920 3486 1096 3560 sequuntur,

233 3599 236 3610 '
315 3591 370 3656 Cui
392 3595 469 3657 niele
490 3593 638 3656 dulcescit
657 3609 736 3672 sors,
759 3596 852 3658 miser
872 3611 942 3658 esse
964 3597 1062 3679 eupit·

232 3709 290 3783 Qui
312 3711 405 3772 miser
425 3725 496 3773 esse
518 3711 609 3792 cupit,
631 3727 666 3773 se
688 3711 842 3774 convincit
862 3709 1019 3790 furiosum,

314 3824 366 3890 Sic
387 3826 477 3908 plane
499 3827 669 3904 miserest,
692 3827 743 3908 qui
764 3827 947 3890 miseresce
970 3829 1060 3910 cupit.
1116 3823 1120 3828 ’

212 3992 245 4040 V.
263 3991 305 4042 53.
328 3992 474 4043 circumdat
490 3991 523 4051 L,
547 3994 699 4044 circumstet
715 3994 749 4043 Η.
784 3993 816 4042 V.
839 3993 881 4044 55.
902 3993 1097 4054 Minimunnpue

146 4057 220 4108 dicar
237 4059 285 4108 Lm
303 4064 330 4109 et
346 4061 379 4117 ll,
398 4057 524 4120 dicarque
543 4071 634 4121 parum
653 4061 682 4110 L.
697 4085 729 4096 -
743 4059 910 4110 itieiidunum
928 4060 957 4118 L,
973 4061 1097 4110 itleiodu-

146 4135 210 4174 nam
228 4125 263 4174 tt.
284 4151 318 4162 ·-
335 4125 400 4187 Arg.
423 4139 453 4176 er
475 4127 522 4176 Lm
547 4127 733 4188 depromptum
756 4126 783 4175 in
807 4127 860 4176 ilrn
882 4125 966 4176 deest.
1004 4125 1037 4176 V.
1055 4125 1097 4176 59.

145 4191 272 4307 vellerum
289 4192 337 4242 Lrn
355 4197 381 4243 ct
398 4193 436 4252 tt,
455 4197 558 4254 patrum
577 4193 606 4242 L.
641 4194 672 4243 V.
690 4191 733 4243 ot.
751 4192 944 4256 Diripuiusque
962 4193 995 4251 L,
1014 4192 1098 4244 disci-

146 4269 182 4318 pu
195 4271 260 4309 uste
278 4259 313 4309 Η.
433 4271 437 4278 ’
