2924 4974
518 471 713 586 ..j-3*-

247 673 446 738 lmmoderata
456 675 534 757 parit
543 675 694 740 Venerem
710 676 792 758 gula,
809 675 860 740 dat
875 675 960 742 iuror
977 695 1093 756 ausum,

330 792 422 855 livor
442 791 522 856 edax
544 791 656 870 odium,
677 791 710 856 lit
730 798 817 858 vetus
838 793 884 856 ira
904 793 999 856 luror.

246 906 297 972 Sic
318 909 421 972 vitium
442 909 515 972 vitio
537 908 587 972 dal
609 926 732 972 causam
753 906 864 990 datque
884 909 1050 990 sequelam,

329 1024 389 1088 Res
411 1025 523 1088 etenim
543 1027 639 1108 turpis
660 1025 726 1089 sola
747 1041 870 1090 manere
891 1027 1003 1108 nequit

136 1140 210 1202 895.
246 1139 741 1225 Simodicnmsperuis,paulatim
751 1147 1049 1224 magnasequuntnr‚
1092 1163 1147 1210 onor
1176 1165 1290 1212 onum.

328 1257 366 1320 Et
385 1258 468 1322 venit
490 1277 507 1321 a
529 1259 657 1322 minimis
678 1276 773 1340 saepe
793 1258 881 1322 ruina
902 1259 1013 1339 gravis.
1104 1245 1278 1352 'fflffl'

246 1371 350 1438 Gloria
370 1374 514 1438 nobilium
535 1391 661 1438 manans
683 1371 722 1438 de
743 1373 828 1438 lontc
848 1375 997 1438 bonorum

329 1489 501 1554 Praetendit
520 1491 644 1572 generis
665 1491 819 1554 nobilitate
840 1490 944 1554 decus.

244 1603 320 1666 Nam
342 1622 410 1668 cum
431 1603 580 1668 fermento
601 1607 696 1670 virtus
719 1613 861 1690 comupto
882 1608 1029 1684 tumescit,

137 1721 208 1782 999.
328 1721 374 1784 De
396 1722 508 1786 misero
530 1723 611 1786 coitu
633 1729 704 1786 nata
723 1723 856 1805 superba
876 1724 967 1785 venit

244 1835 328 1902 llaec
348 1837 471 1919 paribus
492 1855 563 1902 sese
584 1837 718 1920 praefert
734 1815 909 1921 spernitque
925 1840 1068 1918 minores,

326 1953 431 2018 Nescit
451 1961 482 2018 et
504 1956 620 2018 auctori
641 1955 730 2018 stulta
750 1955 879 2018 subesse
895 1973 952 2018 sno

243 2071 280 2132 Et
301 2071 346 2134 sic
368 2070 407 2136 de
428 2073 542 2134 meritis
563 2071 691 2134 veniens
713 2077 764 2135 ant
783 2071 933 2152 sanguine
955 2069 1037 2134 claro

326 2187 380 2250 Est
401 2189 520 2271 ingrata
540 2188 619 2266 Deo,
641 2203 766 2250 munera
788 2188 873 2268 cujus
895 2185 994 2250 habet.

136 2301 207 2364 905.
242 2303 355 2383 Ingrati
376 2304 500 2382 crimen,
522 2307 571 2368 cui
593 2305 690 2386 gratia
711 2303 792 2366 nulla
814 2301 973 2380 cohaeret,

325 2419 478 2501 ingratum
500 2421 641 2502 prohihet
662 2420 737 2484 civis
758 2419 871 2483 habere
893 2419 1001 2484 locum.

240 2535 295 2598 Est
314 2536 432 2616 ingrata
452 2537 531 2614 Deo,
554 2555 632 2619 quae
654 2537 727 2601 doni
749 2541 848 2617 captat
868 2533 1013 2612 honores,
1100 2557 1127 2594 u·
1141 2567 1189 2596 em·
1203 2559 1270 2602 aratu.

326 2651 412 2726 Quae
432 2652 537 2716 laudes
560 2654 662 2736 operis
683 2653 747 2716 vult
766 2651 899 2714 retinere
920 2651 1001 2714 boni.

241 2768 388 2849 Praecipit
408 2770 524 2832 auctori
546 2769 682 2850 quisquis
702 2767 805 2832 titulos
826 2769 1014 2845 meritorum,

133 2883 204 2945 910.
323 2885 475 2948 Provocat
495 2885 617 2948 ultrices
638 2886 670 2948 in
691 2901 748 2948 sua
769 2882 877 2947 damna
898 2899 1012 2946 manus.

241 3000 344 3064 Gloria
353 3001 513 3081 vanoquid
524 3001 644 3079 estnisi
656 3000 756 3064 lunum
768 3006 798 3064 et
808 3000 1085 3081 umbrasonusque,

325 3117 384 3191 Qui
405 3118 503 3194 simul,
524 3124 558 3180 nt
578 3118 680 3199 ooepit,
702 3118 808 3198 incipit
828 3135 898 3180 esse
920 3117 1017 3180 nihil?

238 3232 324 3297 Hanc
344 3239 444 3296 tamen
466 3233 605 3296 affectunt
622 3249 737 3312 omues,
754 3233 824 3314 qnia
839 3251 962 3314 semper
977 3233 1085 3296 adosse

322 3350 421 3413 Verae
442 3351 559 3412 virtutis
580 3349 756 3413 testificatur
777 3367 864 3431 opus.

132 3467 204 3528 915.
241 3465 352 3543 Gloria,
369 3466 458 3528 dulce
471 3465 590 3542 malum,
606 3484 787 3548 magnorum
798 3473 924 3549 pectora
935 3465 1045 3528 mulcet

321 3582 360 3644 Et
379 3587 478 3644 tamen
499 3581 578 3644 haec
598 3582 705 3645 cadem
725 3583 917 3664 languidiora
939 3581 1017 3644 lacit

240 3699 326 3772 Quos
337 3715 410 3760 caro
427 3715 490 3762 non
505 3698 606 3776 flectit,
617 3715 675 3762 nec
691 3717 776 3762 amor
785 3699 931 3781 pervertit
944 3697 1084 3775 habendi,

322 3813 425 3877 Gloria
447 3814 485 3878 de
506 3814 586 3877 laoili
607 3815 807 3896 praecipitare
828 3814 915 3877 solet

238 3928 323 3992 Hanc
342 3937 444 3992 tamen
465 3932 616 4013 perimunt
636 3949 739 3994 rerum
760 3931 937 4013 speculatio,
960 3930 1062 3994 mundi
1097 3936 1112 3979 ⁰
1115 3945 1190 3973 lllll
1190 3948 1202 3984 o
1204 3935 1270 3974 uum

132 4046 203 4108 920.
312 4045 519 4129 Contemptus,
540 4065 661 4130 poenae
682 4055 791 4126 terror,
814 4064 960 4126 amorque
981 4046 1046 4108 Dei.
1096 4017 1164 4044 vvvvv
1181 4007 1267 4054 ⁸¹⁰¹³m

1162 2374 1216 2413 dinis.

199 4195 232 4246 V.
250 4193 309 4246 892.
326 4197 405 4246 Livor
420 4199 483 4248 edax
492 4197 582 4248 odium
592 4199 639 4248 Lm
659 4195 811 4263 (correctio),
830 4197 896 4248 Odia
906 4196 973 4246 liuor
982 4196 1045 4246 odax
1054 4196 1082 4246 L.

132 4287 165 4299 —-
182 4259 246 4325 Arg.
267 4263 344 4326 Quod
361 4265 436 4314 deest
452 4264 479 4312 in
496 4265 558 4315 Hm.
