<?xml version="1.0" encoding="UTF-8"?>
<!DOCTYPE html PUBLIC "-//W3C//DTD XHTML 1.0 Transitional//EN"
    "http://www.w3.org/TR/xhtml1/DTD/xhtml1-transitional.dtd">
<html xmlns="http://www.w3.org/1999/xhtml" xml:lang="en" lang="en">
 <head>
  <title>
</title>
<meta http-equiv="Content-Type" content="text/html;charset=utf-8" />
  <meta name='ocr-system' content='tesseract 3.04.00' />
  <meta name='ocr-capabilities' content='ocr_page ocr_carea ocr_par ocr_line ocrx_word'/>
</head>
<body>
  <div class='ocr_page' id='page_1' title='image "./johannissaresbe00johngoog/johannissaresbe00johngoog_0133.png"; bbox 0 0 2912 4976; ppageno 0'>
   <div class='ocr_carea' id='block_1_1' title="bbox 729 445 799 524">
    <p class='ocr_par' dir='ltr' id='par_1_1' title="bbox 729 445 799 524">
     <span class='ocr_line' id='line_1_1' title="bbox 729 445 799 524; baseline 0.029 -2"><span class='ocrx_word' id='word_1_1' title='bbox 729 445 799 524; x_wconf 80' lang='lat' dir='ltr'>tot</span> 
     </span>
    </p>
   </div>
   <div class='ocr_carea' id='block_1_2' title="bbox 213 651 1323 1044">
    <p class='ocr_par' dir='ltr' id='par_1_2' title="bbox 213 651 1443 1052">
     <span class='ocr_line' id='line_1_2' title="bbox 215 651 1322 729; baseline 0.006 -21"><span class='ocrx_word' id='word_1_2' title='bbox 215 651 375 725; x_wconf 82' lang='lat' dir='ltr'>crederent,</span> <span class='ocrx_word' id='word_1_3' title='bbox 396 653 591 724; x_wconf 68' lang='lat' dir='ltr'>Anaxagoram</span> <span class='ocrx_word' id='word_1_4' title='bbox 613 659 643 710; x_wconf 87' lang='lat' dir='ltr'>ut</span> <span class='ocrx_word' id='word_1_5' title='bbox 664 653 875 726; x_wconf 70' lang='lat' dir='ltr'>traducianum,</span> <span class='ocrx_word' id='word_1_6' title='bbox 902 655 1004 728; x_wconf 80' lang='lat' dir='ltr'>quippe</span> <span class='ocrx_word' id='word_1_7' title='bbox 1024 657 1070 729; x_wconf 88' lang='lat' dir='ltr'>qui</span> <span class='ocrx_word' id='word_1_8' title='bbox 1093 674 1146 715; x_wconf 83' lang='lat' dir='ltr'>unu</span> <span class='ocrx_word' id='word_1_9' title='bbox 1168 675 1228 714; x_wconf 87' lang='lat' dir='ltr'>cum</span> <span class='ocrx_word' id='word_1_10' title='bbox 1250 675 1322 715; x_wconf 90' lang='lat' dir='ltr'>cnr-</span> 
     </span>
     <span class='ocr_line' id='line_1_3' title="bbox 213 755 1323 833; baseline 0.006 -21"><span class='ocrx_word' id='word_1_11' title='bbox 213 773 298 830; x_wconf 90' lang='lat' dir='ltr'>pore,</span> <span class='ocrx_word' id='word_1_12' title='bbox 325 755 374 814; x_wconf 81' lang='lat' dir='ltr'>ned</span> <span class='ocrx_word' id='word_1_13' title='bbox 395 755 531 814; x_wconf 65' lang='lat' dir='ltr'>diu&#39;errnnu</span> <span class='ocrx_word' id='word_1_14' title='bbox 552 755 588 814; x_wconf 83' lang='lat' dir='ltr'>eb</span> <span class='ocrx_word' id='word_1_15' title='bbox 610 755 696 816; x_wconf 81' lang='lat' dir='ltr'>ilion</span> <span class='ocrx_word' id='word_1_16' title='bbox 723 758 876 831; x_wconf 83' lang='lat' dir='ltr'>perentiurn</span> <span class='ocrx_word' id='word_1_17' title='bbox 902 759 997 816; x_wconf 76' lang='lat' dir='ltr'>animis</span> <span class='ocrx_word' id='word_1_18' title='bbox 1024 761 1103 833; x_wconf 75' lang='lat' dir='ltr'>gigni</span> <span class='ocrx_word' id='word_1_19' title='bbox 1129 761 1323 833; x_wconf 70' lang='lat' dir='ltr'>contenderet,</span> 
     </span>
     <span class='ocr_line' id='line_1_4' title="bbox 213 859 1322 937; baseline 0.005 -19"><span class='ocrx_word' id='word_1_20' title='bbox 213 859 272 934; x_wconf 88' lang='lat' dir='ltr'>ipre</span> <span class='ocrx_word' id='word_1_21' title='bbox 294 876 363 918; x_wconf 82' lang='lat' dir='ltr'>vero</span> <span class='ocrx_word' id='word_1_22' title='bbox 385 861 516 933; x_wconf 68' lang='lat' dir='ltr'>admon,</span> <span class='ocrx_word' id='word_1_23' title='bbox 544 877 600 934; x_wconf 87' lang='lat' dir='ltr'>quo</span> <span class='ocrx_word' id='word_1_24' title='bbox 622 867 746 937; x_wconf 88' lang='lat' dir='ltr'>ternpore</span> <span class='ocrx_word' id='word_1_25' title='bbox 767 879 871 937; x_wconf 78' lang='lat' dir='ltr'>corpur</span> <span class='ocrx_word' id='word_1_26' title='bbox 890 864 1069 936; x_wconf 70' lang='lat' dir='ltr'>gigneretur,</span> <span class='ocrx_word' id='word_1_27' title='bbox 1095 881 1201 924; x_wconf 84' lang='lat' dir='ltr'>novum</span> <span class='ocrx_word' id='word_1_28' title='bbox 1222 886 1238 923; x_wconf 83' lang='lat' dir='ltr'>u</span> <span class='ocrx_word' id='word_1_29' title='bbox 1259 869 1322 924; x_wconf 86' lang='lat' dir='ltr'>Deo</span> 
     </span>
     <span class='ocr_line' id='line_1_5' title="bbox 214 964 1323 1044; baseline 0.007 -23"><span class='ocrx_word' id='word_1_30' title='bbox 214 964 304 1021; x_wconf 75' lang='lat' dir='ltr'>creari</span> <span class='ocrx_word' id='word_1_31' title='bbox 325 969 353 1020; x_wconf 91' lang='lat' dir='ltr'>et</span> <span class='ocrx_word' id='word_1_32' title='bbox 373 965 489 1037; x_wconf 88' lang='lat' dir='ltr'>corpori</span> <span class='ocrx_word' id='word_1_33' title='bbox 510 964 613 1022; x_wconf 87' lang='lat' dir='ltr'>iniuudi</span> <span class='ocrx_word' id='word_1_34' title='bbox 634 965 702 1037; x_wconf 82' lang='lat' dir='ltr'>uult,</span> <span class='ocrx_word' id='word_1_35' title='bbox 723 971 752 1022; x_wconf 92' lang='lat' dir='ltr'>ut</span> <span class='ocrx_word' id='word_1_36' title='bbox 773 965 800 1022; x_wconf 90' lang='lat' dir='ltr'>in</span> <span class='ocrx_word' id='word_1_37' title='bbox 821 965 994 1040; x_wconf 68' lang='lat' dir='ltr'>cratianus,</span> <span class='ocrx_word' id='word_1_38' title='bbox 1015 969 1063 1041; x_wconf 87' lang='lat' dir='ltr'>qui</span> <span class='ocrx_word' id='word_1_39' title='bbox 1084 971 1323 1044; x_wconf 75' lang='lat' dir='ltr'>nuncupabantur,</span> 
     </span>
    </p>
   </div>
   <div class='ocr_carea' id='block_1_3' title="bbox 213 1055 1443 1149">
    <p class='ocr_par' dir='ltr' id='par_1_3' title="bbox 213 1055 1443 1149">
     <span class='ocr_line' id='line_1_6' title="bbox 213 1055 1443 1149; baseline 0.007 -25"><span class='ocrx_word' id='word_1_40' title='bbox 213 1067 248 1126; x_wconf 88' lang='lat' dir='ltr'>rit</span> <span class='ocrx_word' id='word_1_41' title='bbox 269 1067 435 1127; x_wconf 74' lang='lat' dir='ltr'>rderendun</span> <span class='ocrx_word' id='word_1_42' title='bbox 478 1069 603 1141; x_wconf 76' lang='lat' dir='ltr'>lingnula</span> <span class='ocrx_word' id='word_1_43' title='bbox 613 1085 681 1126; x_wconf 84' lang='lat' dir='ltr'>enne</span> <span class='ocrx_word' id='word_1_44' title='bbox 701 1076 905 1142; x_wconf 74' lang='lat' dir='ltr'>argumentum,</span> <span class='ocrx_word' id='word_1_45' title='bbox 927 1087 1054 1128; x_wconf 86' lang='lat' dir='ltr'>eumuou</span> <span class='ocrx_word' id='word_1_46' title='bbox 1076 1073 1189 1132; x_wconf 86' lang='lat' dir='ltr'>omnino</span> <span class='ocrx_word' id='word_1_47' title='bbox 1212 1091 1324 1149; x_wconf 89' lang='lat' dir='ltr'>pepen-</span> <span class='ocrx_word' id='word_1_48' title='bbox 1442 1055 1443 1132; x_wconf 73' lang='lat' dir='ltr'>l</span> 
     </span>
    </p>
   </div>
   <div class='ocr_carea' id='block_1_4' title="bbox 213 1165 1443 1352">
    <p class='ocr_par' dir='ltr' id='par_1_4' title="bbox 213 1165 1443 1352">
     <span class='ocr_line' id='line_1_7' title="bbox 213 1165 1443 1248; baseline 0.008 -20"><span class='ocrx_word' id='word_1_49' title='bbox 213 1171 287 1230; x_wconf 80' lang='lat' dir='ltr'>diere</span> <span class='ocrx_word' id='word_1_50' title='bbox 309 1189 343 1228; x_wconf 82' lang='lat' dir='ltr'>ex</span> <span class='ocrx_word' id='word_1_51' title='bbox 355 1173 519 1246; x_wconf 71' lang='lat' dir='ltr'>Augustino,</span> <span class='ocrx_word' id='word_1_52' title='bbox 541 1173 588 1242; x_wconf 78' lang='lat' dir='ltr'>uui</span> <span class='ocrx_word' id='word_1_53' title='bbox 609 1189 671 1230; x_wconf 78' lang='lat' dir='ltr'>cuna</span> <span class='ocrx_word' id='word_1_54' title='bbox 683 1173 850 1231; x_wconf 72' lang='lat' dir='ltr'>Tertulliano</span> <span class='ocrx_word' id='word_1_55' title='bbox 872 1173 988 1232; x_wconf 73' lang='lat' dir='ltr'>animum</span> <span class='ocrx_word' id='word_1_56' title='bbox 1010 1192 1060 1248; x_wconf 88' lang='lat' dir='ltr'>per</span> <span class='ocrx_word' id='word_1_57' title='bbox 1082 1179 1224 1235; x_wconf 80' lang='lat' dir='ltr'>traducem</span> <span class='ocrx_word' id='word_1_58' title='bbox 1245 1177 1324 1235; x_wconf 79' lang='lat' dir='ltr'>uesci</span> <span class='ocrx_word' id='word_1_59' title='bbox 1442 1165 1443 1238; x_wconf 70' lang='lat' dir='ltr'>l</span> 
     </span>
     <span class='ocr_line' id='line_1_8' title="bbox 214 1267 1443 1352; baseline 0.006 -20"><span class='ocrx_word' id='word_1_60' title='bbox 214 1275 348 1334; x_wconf 69' lang='lat' dir='ltr'>nocuere</span> <span class='ocrx_word' id='word_1_61' title='bbox 371 1276 753 1350; x_wconf 61' lang='lat' dir='ltr'>cernonecuuoecu.</span> <span class='ocrx_word' id='word_1_62' title='bbox 766 1276 961 1349; x_wconf 67' lang='lat' dir='ltr'>uerruynu,</span> <span class='ocrx_word' id='word_1_63' title='bbox 982 1297 1010 1352; x_wconf 74' lang='lat' dir='ltr'>p.</span> <span class='ocrx_word' id='word_1_64' title='bbox 1029 1272 1103 1351; x_wconf 83' lang='lat'>390,</span> <span class='ocrx_word' id='word_1_65' title='bbox 1125 1273 1229 1338; x_wconf 74' lang='lat' dir='ltr'>seen</span> <span class='ocrx_word' id='word_1_66' title='bbox 1248 1276 1321 1339; x_wconf 82' lang='lat'><strong>527.</strong></span> <span class='ocrx_word' id='word_1_67' title='bbox 1442 1267 1443 1331; x_wconf 75' lang='lat' dir='ltr'>l</span> 
     </span>
    </p>
   </div>
   <div class='ocr_carea' id='block_1_5' title="bbox 554 1835 975 2102">
    <p class='ocr_par' dir='ltr' id='par_1_5' title="bbox 554 1835 975 2102">
     <span class='ocr_line' id='line_1_9' title="bbox 646 1835 905 1934; baseline 0.015 -3"><span class='ocrx_word' id='word_1_68' title='bbox 646 1874 681 1932; x_wconf 90' lang='lat' dir='ltr'>u.</span> <span class='ocrx_word' id='word_1_69' title='bbox 698 1869 757 1934; x_wconf 78' lang='lat' dir='ltr'>cer</span> <span class='ocrx_word' id='word_1_70' title='bbox 769 1869 882 1934; x_wconf 82' lang='grc'><strong>-936,</strong></span> <span class='ocrx_word' id='word_1_71' title='bbox 900 1835 905 1840; x_wconf 75' lang='grc'>’</span> 
     </span>
     <span class='ocr_line' id='line_1_10' title="bbox 554 2040 975 2102; baseline -0.002 -2"><span class='ocrx_word' id='word_1_72' title='bbox 554 2040 774 2100; x_wconf 80' lang='lat' dir='ltr'><strong>ARISTOTELIS</strong></span> <span class='ocrx_word' id='word_1_73' title='bbox 795 2042 975 2102; x_wconf 76' lang='lat' dir='ltr'>DOG&#39;l‘lller.</span> 
     </span>
    </p>
   </div>
   <div class='ocr_carea' id='block_1_6' title="bbox 676 2237 851 2252">
    <p class='ocr_par' dir='ltr' id='par_1_6' title="bbox 676 2237 851 2252">
     <span class='ocr_line' id='line_1_11' title="bbox 676 2237 851 2252; baseline 0 -2"><span class='ocrx_word' id='word_1_74' title='bbox 676 2237 851 2252; x_wconf 53' lang='lat' dir='ltr'>m</span> 
     </span>
    </p>
   </div>
   <div class='ocr_carea' id='block_1_7' title="bbox 208 2424 1322 4264">
    <p class='ocr_par' dir='ltr' id='par_1_7' title="bbox 213 2424 1321 2604">
     <span class='ocr_line' id='line_1_12' title="bbox 295 2424 1321 2499; baseline -0.002 -17"><span class='ocrx_word' id='word_1_75' title='bbox 295 2424 372 2493; x_wconf 77' lang='lat' dir='ltr'>Quor</span> <span class='ocrx_word' id='word_1_76' title='bbox 398 2425 498 2498; x_wconf 73' lang='lat' dir='ltr'>legerit</span> <span class='ocrx_word' id='word_1_77' title='bbox 523 2424 663 2482; x_wconf 80' lang='lat' dir='ltr'>lohanner</span> <span class='ocrx_word' id='word_1_78' title='bbox 689 2426 846 2485; x_wconf 77' lang='lat' dir='ltr'>Aristotelio</span> <span class='ocrx_word' id='word_1_79' title='bbox 872 2427 975 2498; x_wconf 88' lang='lat' dir='ltr'>libros,</span> <span class='ocrx_word' id='word_1_80' title='bbox 1007 2433 1037 2483; x_wconf 87' lang='lat' dir='ltr'>et</span> <span class='ocrx_word' id='word_1_81' title='bbox 1064 2426 1129 2499; x_wconf 88' lang='lat' dir='ltr'>quid</span> <span class='ocrx_word' id='word_1_82' title='bbox 1155 2426 1182 2482; x_wconf 93' lang='lat' dir='ltr'>ei</span> <span class='ocrx_word' id='word_1_83' title='bbox 1211 2425 1321 2497; x_wconf 83' lang='lat' dir='ltr'>debent,</span> 
     </span>
     <span class='ocr_line' id='line_1_13' title="bbox 213 2529 1061 2604; baseline 0 -18"><span class='ocrx_word' id='word_1_84' title='bbox 213 2545 273 2586; x_wconf 87' lang='lat' dir='ltr'>cnm</span> <span class='ocrx_word' id='word_1_85' title='bbox 295 2546 378 2603; x_wconf 83' lang='lat' dir='ltr'>ruprn</span> <span class='ocrx_word' id='word_1_86' title='bbox 400 2529 554 2604; x_wconf 79' lang='lat' dir='ltr'>expositum</span> <span class='ocrx_word' id='word_1_87' title='bbox 575 2530 620 2602; x_wconf 84' lang='lat' dir='ltr'>eit,</span> <span class='ocrx_word' id='word_1_88' title='bbox 638 2531 694 2603; x_wconf 76' lang='lat' dir='ltr'>iem</span> <span class='ocrx_word' id='word_1_89' title='bbox 716 2531 751 2589; x_wconf 89' lang='lat' dir='ltr'>de</span> <span class='ocrx_word' id='word_1_90' title='bbox 772 2531 887 2602; x_wconf 71' lang='lat' dir='ltr'>cingulis</span> <span class='ocrx_word' id='word_1_91' title='bbox 908 2529 1061 2589; x_wconf 76' lang='lat' dir='ltr'>videamus:</span> 
     </span>
    </p>

    <p class='ocr_par' dir='ltr' id='par_1_8' title="bbox 211 2627 1322 3018">
     <span class='ocr_line' id='line_1_14' title="bbox 295 2627 1321 2708; baseline 0 -18"><span class='ocrx_word' id='word_1_92' title='bbox 295 2634 324 2690; x_wconf 88' lang='lat' dir='ltr'>Si</span> <span class='ocrx_word' id='word_1_93' title='bbox 346 2651 372 2691; x_wconf 87' lang='lat' dir='ltr'>v.</span> <span class='ocrx_word' id='word_1_94' title='bbox 395 2627 453 2691; x_wconf 80' lang='lat'>821</span> <span class='ocrx_word' id='word_1_95' title='bbox 479 2651 663 2704; x_wconf 71' lang='lat' dir='ltr'>„emonem</span> <span class='ocrx_word' id='word_1_96' title='bbox 684 2633 787 2692; x_wconf 79' lang='lat' dir='ltr'>artee“</span> <span class='ocrx_word' id='word_1_97' title='bbox 807 2635 953 2708; x_wconf 77' lang='lat' dir='ltr'>possidere</span> <span class='ocrx_word' id='word_1_98' title='bbox 974 2633 1089 2704; x_wconf 86' lang='lat' dir='ltr'>dicitur,</span> <span class='ocrx_word' id='word_1_99' title='bbox 1112 2633 1168 2690; x_wconf 91' lang='lat' dir='ltr'>hoc</span> <span class='ocrx_word' id='word_1_100' title='bbox 1189 2633 1225 2690; x_wconf 86' lang='lat' dir='ltr'>ed</span> <span class='ocrx_word' id='word_1_101' title='bbox 1246 2633 1321 2690; x_wconf 83' lang='lat' dir='ltr'>scri-</span> 
     </span>
     <span class='ocr_line' id='line_1_15' title="bbox 211 2733 1322 2812; baseline -0.002 -18"><span class='ocrx_word' id='word_1_102' title='bbox 211 2735 293 2794; x_wconf 88' lang='lat' dir='ltr'>bendi</span> <span class='ocrx_word' id='word_1_103' title='bbox 324 2737 431 2794; x_wconf 81' lang='lat' dir='ltr'>leudem</span> <span class='ocrx_word' id='word_1_104' title='bbox 463 2737 590 2812; x_wconf 78' lang='lat' dir='ltr'>pertinet.</span> <span class='ocrx_word' id='word_1_105' title='bbox 650 2737 691 2802; x_wconf 80' lang='lat' dir='ltr'>Cf,</span> <span class='ocrx_word' id='word_1_106' title='bbox 722 2738 823 2796; x_wconf 81' lang='lat' dir='ltr'>Polior.</span> <span class='ocrx_word' id='word_1_107' title='bbox 855 2739 916 2812; x_wconf 86' lang='lat' dir='ltr'>Vll,</span> <span class='ocrx_word' id='word_1_108' title='bbox 948 2733 977 2795; x_wconf 91' lang='lat'>6.</span> <span class='ocrx_word' id='word_1_109' title='bbox 1030 2737 1131 2794; x_wconf 82' lang='lat' dir='ltr'>ludicii</span> <span class='ocrx_word' id='word_1_110' title='bbox 1162 2737 1226 2794; x_wconf 83' lang='lat' dir='ltr'>libri</span> <span class='ocrx_word' id='word_1_111' title='bbox 1257 2742 1322 2793; x_wconf 88' lang='lat' dir='ltr'>suut</span> 
     </span>
     <span class='ocr_line' id='line_1_16' title="bbox 211 2837 1321 2917; baseline 0.001 -21"><span class='ocrx_word' id='word_1_112' title='bbox 211 2837 380 2916; x_wconf 68' lang='lat' dir='ltr'>dactylica,</span> <span class='ocrx_word' id='word_1_113' title='bbox 403 2847 431 2898; x_wconf 89' lang='lat' dir='ltr'>et</span> <span class='ocrx_word' id='word_1_114' title='bbox 452 2841 606 2900; x_wconf 89' lang='lat' dir='ltr'>inveniendi</span> <span class='ocrx_word' id='word_1_115' title='bbox 630 2843 745 2917; x_wconf 79' lang='lat' dir='ltr'>Topica,</span> <span class='ocrx_word' id='word_1_116' title='bbox 768 2859 838 2916; x_wconf 70' lang='lat' dir='ltr'>nune</span> <span class='ocrx_word' id='word_1_117' title='bbox 859 2849 974 2917; x_wconf 84' lang='lat' dir='ltr'>utreque</span> <span class='ocrx_word' id='word_1_118' title='bbox 994 2842 1022 2898; x_wconf 91' lang='lat' dir='ltr'>in</span> <span class='ocrx_word' id='word_1_119' title='bbox 1043 2839 1210 2914; x_wconf 79' lang='lat' dir='ltr'>bletulogico</span> <span class='ocrx_word' id='word_1_120' title='bbox 1233 2839 1321 2898; x_wconf 76' lang='lat' dir='ltr'>lucius</span> 
     </span>
     <span class='ocr_line' id='line_1_17' title="bbox 213 2944 642 3018; baseline 0.005 -18"><span class='ocrx_word' id='word_1_121' title='bbox 213 2945 240 3002; x_wconf 89' lang='lat' dir='ltr'>iu</span> <span class='ocrx_word' id='word_1_122' title='bbox 262 2944 478 3018; x_wconf 73' lang='lat' dir='ltr'>disquisitionem</span> <span class='ocrx_word' id='word_1_123' title='bbox 499 2951 642 3003; x_wconf 82' lang='lat' dir='ltr'>vocentur.</span> 
     </span>
    </p>

    <p class='ocr_par' dir='ltr' id='par_1_9' title="bbox 209 3043 1320 3640">
     <span class='ocr_line' id='line_1_18' title="bbox 298 3043 1319 3124; baseline -0.004 -17"><span class='ocrx_word' id='word_1_124' title='bbox 298 3049 365 3107; x_wconf 80' lang='lat' dir='ltr'>Trea</span> <span class='ocrx_word' id='word_1_125' title='bbox 386 3050 545 3123; x_wconf 65' lang='lat' dir='ltr'>incultum,</span> <span class='ocrx_word' id='word_1_126' title='bbox 566 3065 636 3124; x_wconf 85' lang='lat' dir='ltr'>qune</span> <span class='ocrx_word' id='word_1_127' title='bbox 662 3067 689 3108; x_wconf 85' lang='lat' dir='ltr'>r.</span> <span class='ocrx_word' id='word_1_128' title='bbox 710 3043 773 3108; x_wconf 81' lang='grc'>824</span> <span class='ocrx_word' id='word_1_129' title='bbox 799 3050 825 3106; x_wconf 89' lang='lat' dir='ltr'>ei</span> <span class='ocrx_word' id='word_1_130' title='bbox 845 3049 970 3107; x_wconf 84' lang='lat' dir='ltr'>lumulnri</span> <span class='ocrx_word' id='word_1_131' title='bbox 990 3047 1131 3120; x_wconf 88' lang='lat' dir='ltr'>dicuntur,</span> <span class='ocrx_word' id='word_1_132' title='bbox 1162 3063 1218 3104; x_wconf 88' lang='lat' dir='ltr'>nou</span> <span class='ocrx_word' id='word_1_133' title='bbox 1244 3053 1319 3118; x_wconf 81' lang='lat' dir='ltr'>sunt,</span> 
     </span>
     <span class='ocr_line' id='line_1_19' title="bbox 210 3151 1320 3226; baseline -0.001 -17"><span class='ocrx_word' id='word_1_134' title='bbox 210 3169 279 3226; x_wconf 85' lang='lat' dir='ltr'>quas</span> <span class='ocrx_word' id='word_1_135' title='bbox 300 3167 352 3210; x_wconf 82' lang='lat' dir='ltr'>uos</span> <span class='ocrx_word' id='word_1_136' title='bbox 373 3168 519 3225; x_wconf 77' lang='lat' dir='ltr'>voconius,</span> <span class='ocrx_word' id='word_1_137' title='bbox 541 3154 590 3211; x_wconf 82' lang='lat' dir='ltr'>aed</span> <span class='ocrx_word' id='word_1_138' title='bbox 611 3170 679 3226; x_wconf 81' lang='lat' dir='ltr'>ques</span> <span class='ocrx_word' id='word_1_139' title='bbox 700 3153 952 3224; x_wconf 63' lang='lat' dir='ltr'>duobusversttuc</span> <span class='ocrx_word' id='word_1_140' title='bbox 974 3151 1020 3225; x_wconf 76' lang='lat' dir='ltr'>qui</span> <span class='ocrx_word' id='word_1_141' title='bbox 1040 3157 1199 3225; x_wconf 82' lang='lat' dir='ltr'>sequuntur,</span> <span class='ocrx_word' id='word_1_142' title='bbox 1221 3155 1320 3208; x_wconf 80' lang='lat' dir='ltr'>auctor</span> 
     </span>
     <span class='ocr_line' id='line_1_20' title="bbox 209 3247 1318 3331; baseline -0.004 -17"><span class='ocrx_word' id='word_1_143' title='bbox 209 3257 356 3330; x_wconf 78' lang='lat' dir='ltr'>significet,</span> <span class='ocrx_word' id='word_1_144' title='bbox 384 3257 516 3331; x_wconf 79' lang='lat' dir='ltr'>physice,</span> <span class='ocrx_word' id='word_1_145' title='bbox 546 3255 650 3330; x_wconf 82' lang='lat' dir='ltr'>ethice,</span> <span class='ocrx_word' id='word_1_146' title='bbox 678 3257 779 3330; x_wconf 80' lang='lat' dir='ltr'>logice.</span> <span class='ocrx_word' id='word_1_147' title='bbox 821 3257 862 3314; x_wconf 87' lang='lat' dir='ltr'>lte</span> <span class='ocrx_word' id='word_1_148' title='bbox 883 3257 910 3314; x_wconf 90' lang='lat' dir='ltr'>in</span> <span class='ocrx_word' id='word_1_149' title='bbox 931 3255 1097 3327; x_wconf 79' lang='lat' dir='ltr'>bletulogico</span> <span class='ocrx_word' id='word_1_150' title='bbox 1119 3255 1159 3326; x_wconf 85' lang='grc' dir='ltr'>ΙΙ,</span> <span class='ocrx_word' id='word_1_151' title='bbox 1183 3247 1221 3310; x_wconf 87' lang='grc'>13</span> <span class='ocrx_word' id='word_1_152' title='bbox 1247 3255 1318 3311; x_wconf 85' lang='lat' dir='ltr'>buce</span> 
     </span>
     <span class='ocr_line' id='line_1_21' title="bbox 210 3357 1318 3432; baseline -0.003 -16"><span class='ocrx_word' id='word_1_153' title='bbox 210 3366 334 3416; x_wconf 76' lang='lat' dir='ltr'>exstent:</span> <span class='ocrx_word' id='word_1_154' title='bbox 368 3362 454 3432; x_wconf 81' lang='lat' dir='ltr'>„Tres</span> <span class='ocrx_word' id='word_1_155' title='bbox 482 3361 574 3432; x_wconf 78' lang='lat' dir='ltr'>itaque</span> <span class='ocrx_word' id='word_1_156' title='bbox 601 3361 778 3432; x_wconf 71' lang='lat' dir='ltr'>facultates,</span> <span class='ocrx_word' id='word_1_157' title='bbox 811 3359 956 3432; x_wconf 80' lang='lat' dir='ltr'>naturalis,</span> <span class='ocrx_word' id='word_1_158' title='bbox 983 3359 1094 3416; x_wconf 76' lang='lat' dir='ltr'>moralis</span> <span class='ocrx_word' id='word_1_159' title='bbox 1122 3363 1151 3414; x_wconf 94' lang='lat' dir='ltr'>et</span> <span class='ocrx_word' id='word_1_160' title='bbox 1175 3357 1318 3415; x_wconf 79' lang='lat' dir='ltr'>rationulis</span> 
     </span>
     <span class='ocr_line' id='line_1_22' title="bbox 214 3462 1318 3538; baseline -0.004 -16"><span class='ocrx_word' id='word_1_161' title='bbox 214 3464 354 3522; x_wconf 76' lang='lat' dir='ltr'>materiem</span> <span class='ocrx_word' id='word_1_162' title='bbox 376 3463 542 3538; x_wconf 77' lang='lat' dir='ltr'>praestent.“</span> <span class='ocrx_word' id='word_1_163' title='bbox 588 3465 754 3522; x_wconf 75' lang='lat' dir='ltr'>Facultatem</span> <span class='ocrx_word' id='word_1_164' title='bbox 776 3471 832 3521; x_wconf 89' lang='lat' dir='ltr'>turn</span> <span class='ocrx_word' id='word_1_165' title='bbox 852 3470 979 3522; x_wconf 82' lang='lat' dir='ltr'>voculam</span> <span class='ocrx_word' id='word_1_166' title='bbox 1002 3480 1063 3522; x_wconf 84' lang='lat' dir='ltr'>esse</span> <span class='ocrx_word' id='word_1_167' title='bbox 1083 3462 1251 3536; x_wconf 77' lang='lat' dir='ltr'>disciplinam</span> <span class='ocrx_word' id='word_1_168' title='bbox 1273 3462 1318 3519; x_wconf 86' lang='lat' dir='ltr'>vel</span> 
     </span>
     <span class='ocr_line' id='line_1_23' title="bbox 209 3567 910 3640; baseline -0.001 -15"><span class='ocrx_word' id='word_1_169' title='bbox 209 3576 313 3626; x_wconf 87' lang='lat' dir='ltr'>eertum</span> <span class='ocrx_word' id='word_1_170' title='bbox 335 3567 486 3627; x_wconf 76' lang='lat' dir='ltr'>litterarum</span> <span class='ocrx_word' id='word_1_171' title='bbox 508 3584 606 3640; x_wconf 78' lang='lat' dir='ltr'>genus,</span> <span class='ocrx_word' id='word_1_172' title='bbox 628 3567 703 3625; x_wconf 87' lang='lat' dir='ltr'>multi</span> <span class='ocrx_word' id='word_1_173' title='bbox 724 3569 827 3625; x_wconf 86' lang='lat' dir='ltr'>docent</span> <span class='ocrx_word' id='word_1_174' title='bbox 847 3567 910 3626; x_wconf 91' lang='lat' dir='ltr'>loci.</span> 
     </span>
    </p>

    <p class='ocr_par' dir='ltr' id='par_1_10' title="bbox 208 3667 1318 3953">
     <span class='ocr_line' id='line_1_24' title="bbox 297 3667 1317 3745; baseline -0.003 -15"><span class='ocrx_word' id='word_1_175' title='bbox 297 3673 473 3730; x_wconf 75' lang='lat' dir='ltr'>Aristotelem</span> <span class='ocrx_word' id='word_1_176' title='bbox 495 3687 562 3745; x_wconf 84' lang='lat' dir='ltr'>prce</span> <span class='ocrx_word' id='word_1_177' title='bbox 584 3671 684 3728; x_wconf 77' lang='lat' dir='ltr'>ceteris</span> <span class='ocrx_word' id='word_1_178' title='bbox 711 3672 905 3745; x_wconf 80' lang='lat' dir='ltr'>philosophum</span> <span class='ocrx_word' id='word_1_179' title='bbox 935 3667 1046 3742; x_wconf 79' lang='lat' dir='ltr'>vocari,</span> <span class='ocrx_word' id='word_1_180' title='bbox 1068 3669 1147 3726; x_wconf 76' lang='lat' dir='ltr'>sicuti</span> <span class='ocrx_word' id='word_1_181' title='bbox 1171 3667 1317 3741; x_wconf 79' lang='lat' dir='ltr'>Virgilium</span> 
     </span>
     <span class='ocr_line' id='line_1_25' title="bbox 209 3767 1318 3851; baseline -0.005 -17"><span class='ocrx_word' id='word_1_182' title='bbox 209 3782 320 3851; x_wconf 87' lang='lat' dir='ltr'>poeteru</span> <span class='ocrx_word' id='word_1_183' title='bbox 353 3778 397 3844; x_wconf 83' lang='lat' dir='ltr'>(v.</span> <span class='ocrx_word' id='word_1_184' title='bbox 430 3767 647 3848; x_wconf 71' lang='lat' dir='ltr'>etr-830),</span> <span class='ocrx_word' id='word_1_185' title='bbox 669 3776 749 3834; x_wconf 83' lang='lat' dir='ltr'>etiem</span> <span class='ocrx_word' id='word_1_186' title='bbox 782 3776 809 3833; x_wconf 91' lang='lat' dir='ltr'>iu</span> <span class='ocrx_word' id='word_1_187' title='bbox 841 3773 1005 3833; x_wconf 83' lang='lat' dir='ltr'>Policrntico</span> <span class='ocrx_word' id='word_1_188' title='bbox 1037 3773 1120 3831; x_wconf 70' lang='lat' dir='ltr'>ondit</span> <span class='ocrx_word' id='word_1_189' title='bbox 1145 3772 1210 3845; x_wconf 87' lang='lat' dir='ltr'>Vll,</span> <span class='ocrx_word' id='word_1_190' title='bbox 1242 3767 1262 3830; x_wconf 87' lang='lat'><strong>6</strong></span> <span class='ocrx_word' id='word_1_191' title='bbox 1289 3778 1318 3828; x_wconf 88' lang='lat' dir='ltr'>et</span> 
     </span>
     <span class='ocr_line' id='line_1_26' title="bbox 208 3875 421 3953; baseline 0.005 -15"><span class='ocrx_word' id='word_1_192' title='bbox 208 3881 299 3938; x_wconf 84' lang='lat' dir='ltr'>bletel.</span> <span class='ocrx_word' id='word_1_193' title='bbox 321 3880 369 3953; x_wconf 82' lang='lat' dir='ltr'>tv,</span> <span class='ocrx_word' id='word_1_194' title='bbox 391 3875 421 3939; x_wconf 84' lang='grc'>7.</span> 
     </span>
    </p>

    <p class='ocr_par' dir='ltr' id='par_1_11' title="bbox 208 3977 1316 4264">
     <span class='ocr_line' id='line_1_27' title="bbox 289 3977 1315 4056; baseline -0.002 -16"><span class='ocrx_word' id='word_1_195' title='bbox 289 3983 325 4040; x_wconf 89' lang='lat' dir='ltr'>V.</span> <span class='ocrx_word' id='word_1_196' title='bbox 348 3977 410 4042; x_wconf 77' lang='grc'>849</span> <span class='ocrx_word' id='word_1_197' title='bbox 423 3977 525 4042; x_wconf 85' lang='lat' dir='ltr'>ct850</span> <span class='ocrx_word' id='word_1_198' title='bbox 546 3983 634 4056; x_wconf 78' lang='lat' dir='ltr'>rnngn</span> <span class='ocrx_word' id='word_1_199' title='bbox 654 3983 842 4056; x_wconf 76' lang='lat' dir='ltr'>quaestionem</span> <span class='ocrx_word' id='word_1_200' title='bbox 863 3983 898 4040; x_wconf 90' lang='lat' dir='ltr'>de</span> <span class='ocrx_word' id='word_1_201' title='bbox 914 3980 1118 4040; x_wconf 83' lang='lat' dir='ltr'>Universnlibus</span> <span class='ocrx_word' id='word_1_202' title='bbox 1140 3987 1195 4038; x_wconf 91' lang='lat' dir='ltr'>turn</span> <span class='ocrx_word' id='word_1_203' title='bbox 1217 3997 1315 4054; x_wconf 79' lang='lat' dir='ltr'>nngnn</span> 
     </span>
     <span class='ocr_line' id='line_1_28' title="bbox 210 4085 1316 4162; baseline 0 -18"><span class='ocrx_word' id='word_1_204' title='bbox 210 4103 270 4145; x_wconf 84' lang='lat' dir='ltr'>cunr</span> <span class='ocrx_word' id='word_1_205' title='bbox 292 4088 442 4146; x_wconf 75' lang='lat' dir='ltr'>animorum</span> <span class='ocrx_word' id='word_1_206' title='bbox 464 4088 670 4162; x_wconf 76' lang='lat' dir='ltr'>perturbatione</span> <span class='ocrx_word' id='word_1_207' title='bbox 686 4087 826 4160; x_wconf 75' lang='lat' dir='ltr'>agitatam.</span> <span class='ocrx_word' id='word_1_208' title='bbox 857 4086 995 4146; x_wconf 83' lang='lat' dir='ltr'>loironnes</span> <span class='ocrx_word' id='word_1_209' title='bbox 1012 4091 1116 4156; x_wconf 84' lang='lat' dir='ltr'>noster,</span> <span class='ocrx_word' id='word_1_210' title='bbox 1137 4085 1189 4144; x_wconf 80' lang='lat' dir='ltr'>etei</span> <span class='ocrx_word' id='word_1_211' title='bbox 1204 4101 1220 4142; x_wconf 81' lang='lat' dir='ltr'><strong>a</strong></span> <span class='ocrx_word' id='word_1_212' title='bbox 1236 4091 1316 4158; x_wconf 86' lang='lat' dir='ltr'>perte</span> 
     </span>
     <span class='ocr_line' id='line_1_29' title="bbox 208 4189 1315 4264; baseline -0.001 -18"><span class='ocrx_word' id='word_1_213' title='bbox 208 4189 326 4248; x_wconf 85' lang='lat' dir='ltr'>Renliunr</span> <span class='ocrx_word' id='word_1_214' title='bbox 348 4190 451 4262; x_wconf 77' lang='lat' dir='ltr'>stabnt,</span> <span class='ocrx_word' id='word_1_215' title='bbox 473 4190 615 4264; x_wconf 80' lang='lat' dir='ltr'>redarguit</span> <span class='ocrx_word' id='word_1_216' title='bbox 637 4197 725 4249; x_wconf 85' lang='lat' dir='ltr'>tanen</span> <span class='ocrx_word' id='word_1_217' title='bbox 746 4189 905 4248; x_wconf 77' lang='lat' dir='ltr'>sententium</span> <span class='ocrx_word' id='word_1_218' title='bbox 932 4207 1043 4262; x_wconf 85' lang='lat' dir='ltr'>eorum,</span> <span class='ocrx_word' id='word_1_219' title='bbox 1071 4190 1117 4262; x_wconf 83' lang='lat' dir='ltr'>qui</span> <span class='ocrx_word' id='word_1_220' title='bbox 1137 4189 1315 4250; x_wconf 82' lang='lat' dir='ltr'>Aristotelen</span> 
     </span>
    </p>
   </div>
   <div class='ocr_carea' id='block_1_8' title="bbox 0 0 1460 4976">
    <p class='ocr_par' dir='ltr' id='par_1_12' title="bbox 0 0 1460 4976">
     <span class='ocr_line' id='line_1_30' title="bbox 0 0 1460 4976; baseline 0 4"><span class='ocrx_word' id='word_1_221' title='bbox 0 0 1460 4976; x_wconf 95' lang='lat' dir='ltr'> </span> 
     </span>
    </p>
   </div>
  </div>
 </body>
</html>
