2914 4996
817 423 865 500 to

470 625 542 704 lies,
563 623 732 690 intellectus
754 633 785 690 et
805 643 963 690 sermones
985 641 1108 706 quoque
1128 644 1221 690 veros

551 741 704 824 Dogmate
725 743 881 828 dispensat
899 744 1013 826 pagina
1032 759 1121 806 sacra
1141 762 1210 807 suo.

470 857 623 921 Artificem
645 877 716 923 sese
737 866 863 924 testatur
883 861 1012 944 Spiritus
1034 861 1140 938 almus,

553 973 634 1039 lllina
656 979 790 1040 existunt
810 995 927 1060 organa
949 980 1061 1059 quique
1082 978 1165 1055 boui,

366 1091 437 1154 415.
469 1090 580 1170 lleute,
600 1111 702 1172 manu,
722 1094 837 1176 lingua,
859 1095 885 1158 si
902 1094 974 1176 qnid
988 1096 1067 1158 bene
1083 1093 1207 1175 quilibet
1218 1101 1322 1157 netum

552 1208 679 1288 Viderit,
700 1211 779 1274 illius
800 1212 861 1276 hoe
883 1229 962 1296 opus
984 1229 1053 1274 esse
1075 1212 1159 1273 sciat

469 1324 536 1391 lloo
546 1326 612 1390 sine
623 1328 664 1390 nil
674 1334 758 1392 reete
769 1330 894 1410 geritur,
916 1328 972 1392 sed
987 1345 1046 1390 neo
1061 1329 1140 1390 mole
1155 1328 1322 1409 quiequam

552 1443 619 1506 Hoo
630 1449 754 1507 anctore
764 1450 875 1527 gerunt
884 1461 971 1508 mens
979 1463 1044 1525 rea,
1063 1445 1178 1526 lingua,
1198 1462 1321 1508 manus.

180 1579 226 1623 auu
239 1577 280 1616 aa.
294 1579 355 1627 uou-
472 1559 553 1624 Finis
574 1577 675 1624 amare
697 1561 805 1640 Deum,
825 1563 888 1626 vitii
909 1562 992 1644 liuga,
1014 1561 1111 1624 nulus
1132 1561 1265 1640 honesti,

226 1650 308 1698 ’ΨΜ
367 1674 438 1738 420.
555 1675 632 1743 Sese
654 1695 757 1755 nosse,
779 1679 876 1742 Deum
898 1680 989 1757 seire,
1010 1683 1115 1740 tenere
1136 1677 1271 1755 modum,

470 1791 614 1876 cognitio
634 1796 709 1873 veri,
731 1795 834 1858 mnndi
855 1802 1056 1878 contemptus,
1078 1811 1182 1857 amare

552 1911 695 1989 Virtutes,
716 1911 790 1975 felix
809 1913 880 1990 alta,
901 1913 1039 1976 modesta
1061 1912 1159 1992 quies,

469 2025 549 2092 Sana
570 2027 657 2107 fides,
679 2045 751 2110 spes
773 2035 855 2091 certa
875 2027 959 2105 boni,
980 2030 1120 2108 vitaeque
1142 2029 1298 2110 perennis,

552 2143 651 2208 Arrha
672 2144 729 2208 sub
752 2151 876 2228 aspectu
897 2163 1021 2226 semper
1040 2143 1153 2207 habere
1175 2144 1284 2207 Deum.

365 2260 436 2322 425.
470 2259 556 2325 llens
577 2261 707 2326 humana
728 2263 799 2324 lieet
818 2262 850 2323 in
872 2263 989 2323 eunetis
1010 2261 1102 2323 rebus
1125 2260 1269 2338 abundet,

554 2379 636 2454 Quas
657 2381 747 2463 polus
770 2383 909 2455 ostentat,
932 2395 1009 2458 quas
1024 2377 1097 2440 dare
1110 2383 1317 2460 terrapotesn

469 2495 649 2560 Distrahitnr
670 2497 767 2559 multis
790 2500 820 2558 et
840 2494 959 2575 magnis
982 2496 1071 2556 anxia
1093 2495 1174 2557 euris

551 2612 791 2695 Perpetuumque
813 2612 920 2675 samem
942 2613 1071 2674 sustinet
1092 2617 1182 2692 atque
1203 2612 1293 2689 sitim,

468 2726 640 2809 'lorquetur
648 2746 780 2812 semper,
800 2729 937 2808 requiem
959 2743 1023 2789 uon
1044 2729 1159 2790 invenit
1178 2745 1318 2810 usquam,

365 2841 436 2905 too.
553 2842 594 2908 Se
615 2845 672 2907 nisi
695 2863 762 2908 cum
784 2845 894 2926 retegit
915 2844 1014 2924 gloria
1034 2861 1118 2923 vera,
1139 2845 1233 2908 Deus.

253 2983 255 2990 ·
349 2994 359 3020 ι
472 2957 573 3022 Gloria
595 2977 673 3024 vana
693 2962 765 3026 lacit
784 2963 923 3038 miseros,
945 2960 1001 3024 sed
1022 2978 1097 3024 vera
1117 2962 1234 3038 beatos,

555 3075 607 3140 llla
626 3083 721 3142 tumet
739 3079 823 3158 vitio,
845 3077 957 3161 gaudet
978 3083 1009 3139 et
1029 3078 1088 3140 ista
1108 3077 1188 3140 Deo.

469 3193 543 3256 Fine
564 3209 638 3256 suos
660 3195 709 3258 tali
731 3215 818 3260 saera
839 3196 950 3278 pagina
973 3193 1067 3256 donat
1088 3195 1212 3271 amieos,

553 3306 729 3393 cultorique
750 3315 802 3395 pio
825 3310 957 3376 calculus
979 3311 1037 3373 iste
1059 3309 1156 3389 datur,

365 3425 434 3489 435.
470 3423 611 3491 Calculus
633 3429 793 3510 optandus,
815 3429 866 3510 qui
888 3427 1023 3490 eontinet
1044 3427 1146 3490 omnia
1166 3429 1275 3490 mentis

296 3521 298 3525 ’
552 3539 720 3620 Ὺοια,ἠοο
742 3545 875 3622 admittit,
897 3544 923 3606 si
946 3542 1017 3625 quid
1041 3544 1153 3606 obesse
1174 3549 1289 3626 potest;

469 3657 501 3726 Si
523 3656 595 3740 quid
617 3659 728 3724 obesse
749 3667 859 3744 potest,
882 3677 898 3723 a
920 3677 955 3722 se
976 3659 1120 3742 propellit
1140 3665 1172 3722 et
1192 3665 1276 3722 arcet

552 3775 590 3838 Et
611 3774 681 3839 lacit
701 3777 739 3841 ad
760 3785 863 3843 nutum
886 3793 1010 3839 currere
1032 3778 1117 3839 seela
1138 3795 1235 3840 suum.

468 3893 564 3958 Nemo
573 3891 1316 3978 referrepotesthona,quaesaerapaginacoulert

365 4010 435 4073 440.
553 4008 623 4088 ltlts,
646 4011 697 4092 qui
718 4019 858 4092 satagunt
876 4013 962 4094 jussa
984 4015 1089 4073 tenere
1111 4010 1177 4072 Dei.

431 4211 462 4262 V.
473 4211 531 4262 424.
550 4211 658 4262 arrhall
677 4209 829 4276 (correctio),
849 4226 905 4262 arra
923 4213 951 4262 L.
987 4211 1019 4262 V.
1029 4209 1087 4262 429.
1106 4224 1159 4262 nou
1177 4212 1205 4269 L,
1224 4211 1314 4260 nonii.
