2924 4974
609 455 659 534 29

258 661 421 723 Parcarum
442 662 573 720 mentem
592 662 663 720 sunt
678 657 729 737 qui
750 656 946 739 speculentur
966 659 997 721 in
1020 659 1106 722 astris

151 775 224 838 780.
342 776 380 839 Et
400 793 503 839 rerurn
523 779 637 851 motus,
660 773 881 855 consiliumque
901 773 974 850 Dei;

259 891 336 956 Sunt
352 893 404 974 qui
421 892 566 954 rimantur
580 895 705 954 naturae
721 891 856 968 viscera,
874 897 946 952 sunt
960 907 1038 972 quos

341 1007 439 1072 Naxio
462 1025 636 1084 causarum,
652 1008 801 1089 signaque
816 1005 882 1070 sola
904 1010 1022 1069 tenent:

258 1123 310 1188 Sic
332 1125 427 1187 aciem
449 1125 557 1188 mentis
577 1130 690 1187 vexant
711 1129 743 1186 et
756 1124 789 1186 in
806 1129 911 1186 extera
926 1129 1083 1204 spargunt,

340 1239 378 1302 Et
396 1240 514 1323 privata
534 1258 592 1304 suo
614 1241 726 1310 lumine
749 1238 843 1303 corda
863 1245 992 1302 manent

150 1355 222 1418 785.
257 1354 298 1418 At
314 1354 457 1420 Socrates
472 1357 628 1420 hominum
650 1373 739 1420 curas
756 1355 920 1418 contemnit
935 1356 1041 1418 inanes

341 1472 378 1534 Et
398 1472 529 1537 latebras
551 1471 654 1536 cordia
676 1489 827 1554 quemque
842 1470 947 1536 videre
969 1472 1071 1548 movit,

255 1589 368 1652 Exiere
390 1595 498 1652 cuncta
524 1595 609 1653 notat
628 1596 659 1653 et
680 1588 900 1671 contemplatur
921 1585 959 1650 ad
979 1605 1066 1651 nsum

339 1705 387 1782 Et,
409 1707 512 1786 quanti
533 1707 620 1770 novit
638 1706 772 1788 siligine,
794 1711 876 1768 tanta
897 1703 977 1768 lacit

256 1819 413 1884 contrahit
433 1823 464 1884 in
485 1837 557 1886 sese
578 1822 685 1886 mentis
706 1821 824 1898 radios3
845 1821 930 1884 Deus
951 1819 993 1882 illi
1102 1823 1300 1907 elosanensi.

150 1937 221 2000 790.
339 1937 394 2000 Est
416 1939 542 2016 animus,
563 1938 694 2003 mundus
714 1939 844 2015 victima,
864 1953 954 2000 serva
976 1955 1048 2000 caro
1055 1957 1063 2013 ;
1101 1896 1301 2015 mmmm

254 2052 377 2116 illicitos
399 2059 498 2117 molus
520 2061 683 2138 corruptae
705 2055 804 2117 carnis
826 2052 968 2116 obhorret

337 2168 531 2251 Naturaeqne
552 2171 661 2234 malum
683 2171 739 2234 sub
760 2171 877 2234 ratione
899 2169 1013 2247 domat,

254 2285 383 2348 Instituit
402 2302 505 2349 mores
526 2287 676 2368 vimmque
698 2292 835 2364 serenat,
858 2303 958 2367 eoque

338 2400 441 2466 lodice
461 2403 602 2466 virtutum
623 2405 752 2466 maxima
772 2404 852 2466 seire
873 2403 943 2485 pati.

147 2517 218 2578 795.
253 2516 285 2581 Si
308 2519 474 2580 commetiri
495 2525 625 2582 mentem
646 2519 851 2601 mundumque
870 2519 986 2595 liceret,
1100 2528 1245 2608 alannus
1258 2533 1300 2569 na-

336 2632 420 2696 llaec
436 2635 543 2716 major,
565 2637 664 2698 minor
679 2635 744 2714 hie,
760 2636 855 2698 servit
869 2635 929 2712 hio,
944 2633 995 2697 illa
1009 2606 1268 2717 tegritf¹¹⁰2¹2¹¹¹lssssssssssf
1279 2613 1299 2639 '²

252 2749 328 2812 Narn
349 2751 433 2812 carni
453 2749 594 2829 mundus,
615 2753 768 2833 servitque
790 2768 863 2814 caro
883 2750 1006 2828 rationi,

337 2864 422 2940 Quae
442 2884 515 2948 pars
537 2873 583 2929 est
605 2868 694 2930 animi
714 2868 892 2950 participato
912 2866 989 2929 Deo.

252 2979 362 3044 Omnia
381 2982 427 3043 sic
448 2980 528 3045 laeto
551 2981 668 3046 Socrati
689 2982 869 3045 famulantur
890 2983 994 3063 eique,

144 3096 217 3158 800.
337 3097 694 3180 Quemvisnullupotest
708 3097 1066 3177 laedere,mundnsobit.

250 3209 335 3276 llaec
350 3212 481 3276 hominis
493 3212 629 3276 doctrina
643 3213 708 3292 linit,
729 3220 829 3278 tamen
840 3231 929 3276 error
936 3217 969 3277 in
979 3215 1030 3278 illa
1040 3221 1096 3291 est,
1141 3247 1168 3286 us
1191 3258 1253 3288 sm„

336 3328 426 3403 Quod
448 3330 598 3412 cujusque
615 3330 745 3392 animum
761 3329 888 3392 credidit
902 3347 972 3394 esse
988 3330 1095 3394 Deum.
1152 3317 1240 3357 ⁵⁰“'¹'”·

249 3442 327 3506 ilinc
337 3443 468 3508 hominis
477 3451 609 3508 mentem
624 3463 680 3528 pro
697 3447 819 3508 numine
831 3445 903 3508 dicit
919 3446 1097 3526 habendam,

332 3560 370 3623 Ut
391 3562 440 3624 oui
461 3560 580 3624 divinus
601 3567 649 3624 est
668 3560 845 3624 tribuendus
866 3559 976 3624 honor.

143 3677 214 3739 805.
250 3675 308 3738 Vix
325 3677 454 3757 aliquem
469 3682 549 3740 tants
564 3695 634 3741 sors
651 3677 723 3740 dote
738 3677 848 3755 beavit,
864 3676 994 3741 utillum

333 3791 400 3855 Non
423 3799 515 3873 queat
535 3793 650 3856 erroris
671 3792 871 3875 praecipitare
893 3793 1011 3857 malum.

209 4073 242 4123 V.
254 4071 311 4124 779.
336 4075 505 4136 speculentur
513 4074 542 4133 L,
561 4075 731 4136 speculantur
748 4076 782 4126 ll.
818 4075 850 4124 V.
861 4039 924 4126 795ss
935 4073 999 4137 Arg.
1018 4076 1095 4137 Quod

142 4139 263 4256 ffluffis
286 4146 337 4191 ete.
358 4142 417 4192 Lm.
450 4141 584 4192 vocabula
609 4141 686 4204 Quod
708 4147 733 4192 et
753 4156 782 4192 re
804 4149 828 4191 et
848 4142 977 4204 niquitate
999 4142 1096 4192 desunt

848 4305 895 4366 4*
