2924 4974
645 485 723 560 XIII

593 585 789 596 -.--—-·-

132 681 242 744 Rarius
264 682 325 744 hoc
346 682 437 746 modo
457 689 603 763 peccatur
623 685 654 747 in
675 683 802 746 vocibus
814 683 924 746 Latiais
947 688 980 745 ut
1000 703 1027 744 v.
1041 681 1110 744 919.
1134 681 1234 754 Hanc,

134 795 238 848 tomen
255 787 410 866 perannat
431 825 451 837 -
471 772 493 848 o
512 823 532 838 ··
553 805 591 850 oo
611 825 640 850 -.
695 788 742 850 111
780 788 841 850 ictu
878 787 1105 850 excusationem
1147 784 1236 848 babet

134 891 482 970 auetontetepoetarun
496 892 739 954 aureaeaetatis:
763 891 871 954 comnis
892 898 939 953 est
960 927 979 940 -
1002 895 1033 940 -‘
1054 927 1084 951 -.
1108 889 1235 969 Saepius

135 994 233 1054 tittera
256 1011 274 1054 o
297 995 328 1056 in
351 994 458 1058 dativis
481 1001 511 1057 et
531 995 668 1058 ablativis
678 992 833 1058 secandae
845 993 1053 1057 declinationis
1075 994 1237 1073 corripitur

134 1115 163 1158 e.
193 1113 223 1177 g.
252 1117 280 1158 v.
310 1097 386 1162 366:
415 1099 664 1181 philosophando
694 1100 765 1162 cios
791 1135 811 1150 -
833 1117 852 1160 o
871 1115 890 1160 o
911 1135 931 1148 -
951 1117 971 1160 o
990 1116 1010 1159 o
1030 1135 1071 1176 -,
1102 1117 1130 1159 v.
1154 1095 1234 1158 602:

134 1199 358 1264 *Issimotando
380 1206 468 1283 perit
489 1223 628 1266 -eo-
650 1223 669 1266 e
688 1223 707 1266 o
728 1241 758 1280 -,
780 1203 811 1266 id
838 1203 921 1284 quod
948 1202 1119 1264 detenditur
1137 1200 1235 1263 Iuve-

135 1304 211 1366 natis
243 1311 274 1366 et
294 1313 457 1383 argenteae
479 1310 582 1372 aetatis
605 1309 791 1372 auctoritate.
846 1308 891 1372 Ct.
914 1307 982 1370 Juv.
1005 1305 1068 1372 Sat,
1092 1306 1146 1383 111,
1173 1304 1235 1368 232

134 1414 166 1470 et
187 1409 351 1488 interpreti.
374 1410 412 1474 ad
433 1411 463 1474 h.
486 1411 506 1474 1.

220 1512 289 1574 Duo
312 1520 425 1578 tantum
448 1516 643 1580 innotuerunt
664 1518 805 1580 carminis
832 1517 927 1578 nostri
950 1514 1088 1592 codices,
1122 1511 1236 1576 Canta-

134 1616 301 1697 brigiensis
328 1623 359 1679 et
385 1619 602 1698 Londinensis,
635 1621 686 1701 qui
717 1622 748 1683 in
781 1622 847 1701 ipsa
873 1621 1014 1684 carminis
1041 1619 1237 1697 inscriptione

135 1718 328 1800 discrepant3
352 1721 610 1805 cantabrigiensis
631 1726 711 1788 enirn
733 1725 923 1788 inscribitur:
955 1723 1133 1796 Euteticsos,
1154 1719 1237 1802 quod

131 1825 196 1904 jam
229 1823 280 1886 diu
307 1826 498 1890 emendatum
520 1834 567 1890 est
587 1826 785 1902 Eutbetieus,
818 1828 1033 1892 londinensis:
1065 1825 1237 1898 Euteta'cus,

136 1927 220 2006 quod
250 1929 444 1993 scribendum
470 1929 660 1994 Itntbetimts.
728 1932 803 1995 Illud
833 1931 1115 2012 vocabulumque
1148 1931 1237 1992 etiarn

136 2030 307 2094 Policratici
329 2035 518 2112 prooemium
539 2036 741 2117 significatur,
778 2037 814 2098 ab
836 2033 973 2102 cidariu
989 2035 1064 2098 bene
1075 2035 1239 2116 disponere

137 2153 173 2196 se
196 2137 421 2210 commendare,
444 2137 640 2201 derivandum
652 2145 752 2221 atque,
776 2141 890 2203 etiamsi
912 2157 970 2202 nec
991 2140 1159 2202 inelassiea
1181 2157 1239 2200 nec

137 2240 167 2300 in
180 2239 299 2304 mediae
311 2243 417 2305 aetatis
429 2241 598 2306 Graecitate
609 2245 770 2323 reperitur,
782 2261 862 2320 eum,
873 2242 1005 2324 quibene
1016 2242 1180 2323 &monere
1190 2242 1239 2304 vel

137 2361 172 2404 se
191 2345 421 2420 commendare,
444 2345 684 2410 benevolentiam
700 2348 835 2426 olimpius
849 2345 909 2408 sibi
923 2346 1239 2424 reconciliarepossit

134 2447 255 2510 videtur
276 2449 459 2530 significare.
503 2448 687 2512 Entbettcus
707 2467 783 2512 vero
804 2450 903 2512 bonae
925 2456 1015 2512 notae
1038 2455 1085 2512 est
1099 2449 1237 2510 vocaba-

133 2552 205 2628 tarn,
228 2553 311 2632 quod
337 2553 487 2616 vocabulo
507 2547 599 2639 topic
629 2554 780 2634 suppleto,
802 2552 1003 2626 substituens,
1024 2552 1238 2632 suppeditans,

133 2658 308 2729 instruens,
336 2659 501 2722 iustauoons
526 2659 690 2742 significat,
719 2676 746 2719 e.
770 2675 800 2738 g.
824 2655 907 2720 Stob.
930 2653 1037 2736 Eclog.
1059 2654 1125 2718 Eth.
1149 2655 1183 2719 11.
1207 2657 1235 2718 7.

132 2776 163 2839 ρ.
186 2759 227 2822 12
249 2760 287 2822 ed
309 2760 448 2826 Heeren:
470 2785 506 2826 ro
526 2755 584 2846 μὲν
606 2752 835 2844 ὑπεξαιρετικὸν
849 2793 899 2836 -,
933 2749 969 2823 τὸ
992 2750 1024 2822 δὲ
1056 2759 1117 2822 τῶν
1145 2755 1236 2842 ὑγιῶς

132 2861 269 2948 ἐχουσῶν
290 2861 415 2948 [δοξῶν]
438 2861 613 2932 deserendo.

216 2967 348 3049 Utraque
369 2971 454 3032 notio
477 2989 495 3033 a
516 2972 656 3034 carminis
678 2971 774 3032 nostri
796 2974 974 3050 argumento
996 2987 1059 3032 non
1068 2969 1168 3032 atiena
1180 2976 1234 3046 est,

132 3089 329 3153 quamquam,
368 3091 437 3136 eum
465 3075 599 3138 'thomae
626 3074 809 3136 cancellario
836 3073 936 3152 potius
957 3073 1083 3136 suadeat
1103 3080 1134 3136 et
1155 3090 1233 3136 oon-

131 3176 224 3252 sulnt,
247 3194 336 3257 mam
358 3195 428 3240 eum
449 3178 507 3240 sibi
528 3177 728 3241 reconciliare
749 3175 882 3255 studeat,
919 3176 1101 3240 Entbeticus
1121 3178 1233 3240 rectius

131 3279 313 3358 inscribitur,
336 3299 426 3362 quam
446 3281 636 3359 Eutbeticus,
659 3300 748 3363 qaam
762 3281 990 3360 inscriptionem
1001 3282 1134 3359 carmini,
1151 3282 1233 3362 quod

130 3383 310 3446 Poticratico
328 3387 512 3464 praemittat,
528 3387 723 3449 servaverim.
758 3383 885 3447 Accedit
896 3384 1010 3448 codicis
1020 3385 1232 3464 Londinensis,

131 3487 182 3565 qui
205 3493 252 3548 est
273 3489 506 3568 antiquissimus,
528 3491 699 3553 auctoritas.
731 3487 780 3551 Ad
802 3489 896 3568 ipsius
919 3490 998 3552 enirn
1021 3489 1152 3552 auctoris
1175 3509 1231 3552 ae-

129 3595 220 3652 tatem
243 3593 465 3670 sepertinere,
498 3595 564 3673 ipse
591 3598 723 3656 testatur.
772 3592 896 3672 Legitur
922 3594 1001 3654 enim
1026 3593 1190 3674 principio:

213 3693 323 3770 ,Hunc
344 3695 455 3760 tibrum
475 3699 551 3778 fecit
573 3697 701 3760 domnus
720 3695 835 3776 Syneon
849 3695 956 3758 Abbos
970 3696 1230 3770 SanctoAIbouo,

129 3817 217 3879 quern
248 3802 302 3882 qui
323 3803 352 3862 ei
373 3801 549 3874 abstulerit,
577 3809 631 3864 out
651 3801 795 3883 fraudem
817 3789 1014 3876 commiserit,
1037 3808 1090 3864 out
1111 3803 1231 3864 titutum

128 3902 286 3978 deiecerat,
309 3904 474 3968 ouotbemo
495 3907 567 3966 sit.“

213 4007 376 4088 symonem
398 4007 479 4070 hanc
501 4005 900 4072 SanctoAlbanoAbbatem
921 4007 1000 4070 inter
1020 4025 1130 4070 artuum
1152 4008 1228 4070 1167

126 4116 157 4172 et
181 4109 271 4189 1188,
294 4111 386 4174 nitide
407 4112 568 4192 scripsisse
595 4118 624 4174 et
653 4110 753 4174 codex
775 4116 880 4174 noster
901 4115 932 4172 et
951 4109 1118 4175 Matthaeus
1141 4114 1228 4176 Pari-

125 4215 236 4278 siensis
259 4215 362 4290 (Vitae
383 4215 479 4278 XXIII
501 4215 530 4280 S.
542 4214 650 4278 Albani
660 4214 827 4288 Abbatum)
848 4219 982 4277 testatur.
1026 4214 1128 4278 Paullo
1151 4217 1227 4280 intra
