2912 4976
661 453 712 533 69

589 559 662 566 —-
677 557 782 567 ..η-..ο-

133 662 262 735 enponit,
285 665 334 721 sed
354 663 451 722 iaciens
472 663 692 739 philosophantis
713 663 840 739 depingit
859 665 900 732 (v.
922 657 972 722 25.
995 656 1061 730 26.)
1084 663 1100 720 i.
1123 679 1147 720 e.
1171 661 1236 736 pbi-

134 768 326 841 losophorum,
348 768 464 842 quisue
486 775 575 826 aetate
596 769 720 827 oxoniae
741 769 945 843 praevalebant,
966 783 1125 842 pentem
1146 766 1237 826 ratio·

133 887 194 928 nens
216 872 354 945 exagitat,
385 873 556 946 vituperans,
577 872 760 946 philosophos
781 872 866 931 verbs
888 877 1017 944 captare,
1044 887 1100 928 non
1128 886 1237 928 sensum

134 976 174 1041 (u.
197 969 360 1048 27-40),
381 993 461 1050 quens
482 994 514 1034 ea
537 983 639 1035 untun
660 977 819 1034 conditione
840 975 945 1050 percipi
967 981 995 1032 et
1015 973 1132 1047 exprimi
1153 991 1237 1048 posse

135 1080 232 1152 docet,
261 1087 292 1136 ut
317 1081 507 1152 grammatices
528 1081 604 1153 leges
625 1081 807 1138 observentur
828 1082 873 1148 (v.
895 1071 936 1137 3³
958 1085 987 1136 at
1007 1071 1068 1144 tl)
1095 1084 1125 1135 et
1150 1095 1236 1136 vanae

133 1183 297 1240 subtilitates
322 1185 443 1241 vitentur
469 1186 514 1251 (ι.
537 1178 701 1250 36-40).
744 1184 856 1242 Nimiam
883 1185 954 1242 banc
980 1181 1154 1242 subtilitatem
1175 1196 1236 1236 casn

134 1287 256 1342 ostendit
281 1287 453 1360 conjunctam
480 1303 541 1344 esse
566 1305 627 1345 cnm
652 1289 844 1362 grammaticas
869 1295 1047 1361 veterumque
1070 1286 1236 1359 scriptorum

134 1396 163 1446 et
189 1389 277 1447 omnis
303 1389 497 1448 reconditioris
521 1390 665 1450 doctrinae
685 1399 833 1465 contemtu,
855 1393 935 1450 huius
957 1387 1161 1465 depravationis
1183 1403 1235 1444 au-

134 1501 228 1550 oteres
254 1494 391 1565 significat
415 1494 546 1551 Adamnm
566 1495 601 1552 da
622 1496 710 1554 Parvo
738 1503 824 1570 ponte
849 1515 876 1553 v.
899 1489 955 1568 49,
986 1495 1134 1552 liebertum
1154 1491 1235 1548 lleli-

134 1598 281 1654 dunensesn
303 1613 329 1655 v.
351 1595 392 1655 55
419 1605 448 1656 et
466 1599 623 1656 Albericum
641 1601 798 1659 Rementem
819 1619 846 1658 v.
870 1597 929 1674 56,
948 1600 984 1658 ita
1006 1605 1107 1670 tamen,
1129 1603 1159 1654 nt
1179 1613 1235 1654 non

133 1702 225 1774 ipsos,
258 1701 307 1759 sed
328 1703 446 1760 asseclas
467 1718 578 1776 eornm,
610 1703 675 1761 vitia
697 1705 788 1778 potius
810 1679 890 1779 quant
910 1703 1038 1762 virtutem
1059 1701 1235 1772 aemulantes,

133 1804 261 1862 vanitatis
283 1813 400 1864 accuset
451 1808 517 1864 lllns
538 1805 623 1879 enim,
650 1825 719 1882 quos
741 1809 800 1882 ipse
822 1806 968 1880 magistros
991 1811 1037 1864 ant
1058 1805 1161 1862 amicos
1181 1805 1234 1861 ba-

133 1910 240 1980 buerat,
262 1911 353 1983 magni
373 1911 476 1983 ingenii
496 1911 693 1985 doctrinaeque
709 1913 781 1970 band
797 1911 919 1984 vulgaris
934 1909 1017 1968 inisse
1034 1927 1088 1967 non
1105 1907 1234 1980 negabat,

133 2027 293 2086 quemqnam
315 2015 349 2071 ab
371 2031 466 2073 eorum
482 2015 625 2086 sententia,
647 2032 708 2072 cum
722 2015 792 2072 baec
806 2014 951 2086 scriberet,
972 2013 1140 2071 abhorrebat
1156 2027 1235 2068 eans-

132 2133 187 2190 qne
217 2118 387 2176 subtiliorem
418 2126 446 2177 et
470 2120 557 2177 minus
583 2119 716 2178 sincerans
744 2121 865 2193 putabat
897 2119 957 2188 (ct.
980 2119 1069 2178 bletal.
1090 2119 1129 2191 ll,
1154 2113 1232 2184 lb).

134 2221 185 2278 cni
211 2223 319 2295 quidem
344 2224 482 2296 persuasi,
514 2225 570 2282 boo
596 2241 705 2282 carnmn
733 2225 857 2283 Osoniac
887 2241 949 2282 csse
982 2223 1178 2297 compositum,
1210 2221 1233 2278 is

132 2325 214 2382 iacile
235 2327 378 2398 concedet,
400 2326 474 2398 illos,
496 2343 565 2400 qnos
586 2327 732 2400 significat,
755 2328 900 2400 magistros
923 2344 978 2385 non
1000 2327 1076 2402 ipsos
1098 2326 1234 2398 exagitari

132 2446 226 2502 posse,
247 2430 347 2503 qnippe
368 2430 415 2502 qui
436 2447 569 2504 nunquam
591 2430 616 2487 in
639 2430 737 2504 singlis
760 2432 913 2490 docuerint
966 2432 1022 2491 Sed
1042 2437 1072 2487 ut
1093 2436 1168 2488 totus
1189 2429 1233 2487 bic

132 2535 211 2590 locus
234 2533 343 2590 omnino
364 2533 546 2606 intelligatur,
573 2534 780 2610 philosophiae,
807 2536 895 2609 qualis
916 2543 973 2593 tum
994 2535 1150 2605 obtinebat,
1172 2550 1233 2591 nse·

132 2637 220 2694 moria
245 2637 354 2708 longius
381 2637 434 2694 erit
453 2638 610 2710 repetenda.
664 2639 823 2713 Philosophi
844 2641 889 2696 vel
909 2638 1050 2711 theologi,
1073 2639 1195 2710 quinon
1217 2654 1232 2694 a

131 2741 305 2814 philosophia
327 2741 522 2811 abhorrebant,
544 2741 571 2798 in
593 2741 661 2798 duas
682 2741 853 2815 potissimum
869 2748 958 2800 sectas
975 2749 1029 2798 tuns
1047 2740 1232 2814 discedebant,

130 2844 288 2902 Platonicos
316 2851 344 2900 et
369 2845 575 2918 Peripateticos.
628 2844 685 2918 llli‚
717 2863 787 2919 quos
814 2846 894 2903 etiam
920 2844 1051 2919 mysticos
1076 2846 1233 2917 vocaveris,

130 2965 193 3004 cnm
226 2948 350 3006 doctrina
378 2949 530 3006 Christiana
559 2949 807 3022 Nenplatonismnm
839 2949 1055 3022 quodammodo,
1089 2948 1233 3022 Augustini

130 3050 299 3124 potissimum
321 3053 465 3126 exemplo,
486 3053 646 3126 miscentes,
677 3053 832 3110 severiores
859 3059 887 3108 et
911 3052 1072 3126 plerumque
1092 3052 1233 3110 doctiores

130 3154 239 3210 inanem
260 3153 412 3212 disserendi
432 3157 566 3214 rationem
593 3159 772 3230 respuebant,
804 3157 885 3212 sicuti
905 3155 985 3228 llugo
1013 3163 1042 3212 et
1061 3157 1233 3213 bernhardus

130 3275 147 3314 a
170 3258 274 3314 Sancto
295 3258 424 3331 Victore3
456 3260 485 3316 bi
512 3277 606 3317 omnes
633 3260 740 3332 quidem
766 3258 922 3317 Aristotelis
949 3259 1138 3317 auctoritatem
1165 3277 1233 3333 prae

130 3378 162 3418 se
183 3361 319 3434 terebant,
340 3362 389 3418 sed
410 3379 465 3420 non
488 3378 592 3436 omues,
614 3371 643 3421 ut
657 3364 837 3436 Abaelardns‚
859 3381 953 3422 verum
974 3364 1121 3436 indagandi
1141 3363 1232 3422 studio

130 3465 223 3537 ducti,
254 3465 335 3522 etiam
361 3464 540 3523 cruditionem
568 3465 658 3536 nnsgni
679 3465 830 3538 iaciebant3
862 3473 941 3523 erant
961 3467 1047 3538 enirn,
1079 3468 1126 3540 spui
1147 3484 1233 3526 vanae

129 3571 241 3644 gloriae
271 3571 398 3646 cupidine
430 3572 503 3644 capti
534 3587 590 3628 non
621 3571 673 3627 nisi
705 3572 843 3645 captiosas
868 3570 1032 3630 subtilitates
1062 3577 1232 3644 quaererent.

129 3676 272 3749 Ejusmodi
292 3676 416 3734 homines
436 3675 546 3733 Parisiis
567 3674 714 3733 Abaelardi
734 3675 899 3732 auctoritate
920 3673 1019 3730 cedere
1041 3676 1131 3732 coacti
1153 3675 1233 3733 Oxo-

130 3782 194 3838 nlae
219 3781 389 3836 fortunarum
416 3796 524 3836 suarum
550 3778 642 3835 sedern
669 3778 796 3836 videntur
823 3779 983 3836 collocasse.
1026 3778 1066 3834 lbi
1087 3778 1167 3835 etiam
1189 3780 1233 3836 vel

129 3883 252 3940 uanitate
272 3882 424 3955 intellecta,
457 3883 501 3939 vel
525 3882 603 3938 bellis
622 3880 746 3939 civilibus
762 3881 901 3954 dissipati,
935 3881 1102 3940 vellloberti
1121 3881 1234 3938 Pullelni

130 3985 269 4059 gravitate
312 3988 433 4061 superati
476 3987 640 4059 aliquamdiu
682 3992 857 4042 evanuerant.
927 3985 982 4041 Sed
1020 3983 1127 4042 Parisiis
1170 3993 1234 4058 post

128 4092 279 4150 Abaelardi
305 4099 420 4150 mortem
446 4092 539 4148 scbola
572 4089 714 4148 exstiterat
743 4090 813 4146 inter
840 4096 970 4162 utrosque
996 4087 1111 4145 medium
1138 4095 1232 4146 tenens

130 4196 176 4252 illa
205 4195 316 4266 Adami,
349 4195 462 4268 liuberti
487 4193 676 4252 bleliduuensis
698 4200 725 4251 et
745 4194 881 4267 Alberici,
914 4193 1037 4266 quinon
1059 4195 1142 4251 multo
1169 4201 1234 4266 post
