<?xml version="1.0" encoding="UTF-8"?>
<!DOCTYPE html PUBLIC "-//W3C//DTD XHTML 1.0 Transitional//EN"
    "http://www.w3.org/TR/xhtml1/DTD/xhtml1-transitional.dtd">
<html xmlns="http://www.w3.org/1999/xhtml" xml:lang="en" lang="en">
 <head>
  <title>
</title>
<meta http-equiv="Content-Type" content="text/html;charset=utf-8" />
  <meta name='ocr-system' content='tesseract 3.04.00' />
  <meta name='ocr-capabilities' content='ocr_page ocr_carea ocr_par ocr_line ocrx_word'/>
</head>
<body>
  <div class='ocr_page' id='page_1' title='image "./johannissaresbe00johngoog/johannissaresbe00johngoog_0046.png"; bbox 0 0 2924 4974; ppageno 0'>
   <div class='ocr_carea' id='block_1_1' title="bbox 161 664 1316 3660">
    <p class='ocr_par' dir='ltr' id='par_1_1' title="bbox 161 664 1316 3660">
     <span class='ocr_line' id='line_1_1' title="bbox 272 664 1316 749; baseline -0.004 -19"><span class='ocrx_word' id='word_1_1' title='bbox 272 666 357 732; x_wconf 87' lang='lat' dir='ltr'><strong>Haec</strong></span> <span class='ocrx_word' id='word_1_2' title='bbox 375 666 591 749; x_wconf 81' lang='lat' dir='ltr'><strong>scripturorum</strong></span> <span class='ocrx_word' id='word_1_3' title='bbox 611 665 719 748; x_wconf 83' lang='lat' dir='ltr'><strong>regina</strong></span> <span class='ocrx_word' id='word_1_4' title='bbox 738 670 874 744; x_wconf 79' lang='lat' dir='ltr'><strong>vocatur,</strong></span> <span class='ocrx_word' id='word_1_5' title='bbox 895 664 1023 730; x_wconf 84' lang='lat' dir='ltr'><strong>eaodem</strong></span> <span class='ocrx_word' id='word_1_6' title='bbox 1117 687 1316 738; x_wconf 58' lang='lat' dir='ltr'><strong>ouercam.</strong></span> 
     </span>
     <span class='ocr_line' id='line_1_2' title="bbox 356 759 1314 863; baseline -0.001 -17"><span class='ocrx_word' id='word_1_7' title='bbox 356 783 494 846; x_wconf 84' lang='lat' dir='ltr'><strong>Divinam</strong></span> <span class='ocrx_word' id='word_1_8' title='bbox 514 781 626 863; x_wconf 85' lang='lat' dir='ltr'><strong>dicunt,</strong></span> <span class='ocrx_word' id='word_1_9' title='bbox 647 801 717 848; x_wconf 85' lang='lat' dir='ltr'><strong>nam</strong></span> <span class='ocrx_word' id='word_1_10' title='bbox 736 781 810 846; x_wconf 78' lang='lat' dir='ltr'><strong>iacit</strong></span> <span class='ocrx_word' id='word_1_11' title='bbox 830 797 901 844; x_wconf 90' lang='lat' dir='ltr'><strong>esse</strong></span> <span class='ocrx_word' id='word_1_12' title='bbox 920 781 1014 845; x_wconf 84' lang='lat' dir='ltr'>Deos.</span> <span class='ocrx_word' id='word_1_13' title='bbox 1115 759 1314 806; x_wconf 67' lang='lat'><strong>&#39;‘⁸⁵¹¹“&#39;&#39;¹¹³&#39;&#39;⁸&#39;&#39;</strong></span> 
     </span>
     <span class='ocr_line' id='line_1_3' title="bbox 271 900 1117 982; baseline -0.005 -18"><span class='ocrx_word' id='word_1_14' title='bbox 271 900 325 964; x_wconf 84' lang='lat' dir='ltr'><strong>Est</strong></span> <span class='ocrx_word' id='word_1_15' title='bbox 345 917 443 978; x_wconf 83' lang='lat' dir='ltr'><strong>sacra,</strong></span> <span class='ocrx_word' id='word_1_16' title='bbox 463 917 612 982; x_wconf 71' lang='lat' dir='ltr'><strong>personas</strong></span> <span class='ocrx_word' id='word_1_17' title='bbox 629 906 661 963; x_wconf 87' lang='lat' dir='ltr'><strong>et</strong></span> <span class='ocrx_word' id='word_1_18' title='bbox 674 916 726 964; x_wconf 90' lang='lat' dir='ltr'><strong>res</strong></span> <span class='ocrx_word' id='word_1_19' title='bbox 743 915 804 980; x_wconf 85' lang='lat' dir='ltr'><strong>que</strong></span> <span class='ocrx_word' id='word_1_20' title='bbox 819 902 980 962; x_wconf 76' lang='lat' dir='ltr'><strong>consecret</strong></span> <span class='ocrx_word' id='word_1_21' title='bbox 996 913 1117 976; x_wconf 81' lang='lat' dir='ltr'><strong>omnes3</strong></span> 
     </span>
     <span class='ocr_line' id='line_1_4' title="bbox 354 1013 1049 1098; baseline -0.004 -18"><span class='ocrx_word' id='word_1_22' title='bbox 354 1015 440 1080; x_wconf 83' lang='lat' dir='ltr'><strong>Hanc</strong></span> <span class='ocrx_word' id='word_1_23' title='bbox 460 1021 550 1098; x_wconf 85' lang='lat' dir='ltr'><strong>caput</strong></span> <span class='ocrx_word' id='word_1_24' title='bbox 570 1017 711 1098; x_wconf 79' lang='lat' dir='ltr'><strong>agnoscit</strong></span> <span class='ocrx_word' id='word_1_25' title='bbox 731 1013 927 1098; x_wconf 79' lang='lat' dir='ltr'><strong>Philosophia</strong></span> <span class='ocrx_word' id='word_1_26' title='bbox 947 1033 1049 1092; x_wconf 84' lang='lat' dir='ltr'><strong>suum3</strong></span> 
     </span>
     <span class='ocr_line' id='line_1_5' title="bbox 166 1131 1102 1214; baseline 0 -18"><span class='ocrx_word' id='word_1_27' title='bbox 166 1133 238 1196; x_wconf 88' lang='grc'><strong>445.</strong></span> <span class='ocrx_word' id='word_1_28' title='bbox 272 1132 348 1198; x_wconf 87' lang='lat' dir='ltr'><strong>Huic</strong></span> <span class='ocrx_word' id='word_1_29' title='bbox 369 1149 476 1197; x_wconf 87' lang='lat' dir='ltr'><strong>omnes</strong></span> <span class='ocrx_word' id='word_1_30' title='bbox 498 1138 578 1196; x_wconf 83' lang='lat' dir='ltr'><strong>artes</strong></span> <span class='ocrx_word' id='word_1_31' title='bbox 598 1131 742 1210; x_wconf 66' lang='lat' dir='ltr'><strong>ramulae</strong></span> <span class='ocrx_word' id='word_1_32' title='bbox 764 1131 941 1198; x_wconf 77' lang='lat' dir='ltr'><strong>mechutica</strong></span> <span class='ocrx_word' id='word_1_33' title='bbox 962 1149 1102 1214; x_wconf 72' lang='lat' dir='ltr'><strong>praeque</strong></span> 
     </span>
     <span class='ocr_line' id='line_1_6' title="bbox 354 1247 1066 1332; baseline -0.001 -20"><span class='ocrx_word' id='word_1_34' title='bbox 354 1249 517 1332; x_wconf 78' lang='lat' dir='ltr'><strong>Dogmata,</strong></span> <span class='ocrx_word' id='word_1_35' title='bbox 539 1265 618 1330; x_wconf 84' lang='lat' dir='ltr'><strong>quae</strong></span> <span class='ocrx_word' id='word_1_36' title='bbox 638 1250 731 1312; x_wconf 80' lang='lat' dir='ltr'><strong>varis</strong></span> <span class='ocrx_word' id='word_1_37' title='bbox 752 1249 857 1314; x_wconf 85' lang='lat' dir='ltr'><strong>usibus</strong></span> <span class='ocrx_word' id='word_1_38' title='bbox 879 1255 947 1332; x_wconf 88' lang='lat' dir='ltr'><strong>apto</strong></span> <span class='ocrx_word' id='word_1_39' title='bbox 968 1247 1066 1328; x_wconf 86' lang='lat' dir='ltr'><strong>vides,</strong></span> 
     </span>
     <span class='ocr_line' id='line_1_7' title="bbox 273 1365 1117 1449; baseline -0.004 -19"><span class='ocrx_word' id='word_1_40' title='bbox 273 1365 411 1447; x_wconf 84' lang='lat' dir='ltr'><strong>Quoejus</strong></span> <span class='ocrx_word' id='word_1_41' title='bbox 422 1383 486 1429; x_wconf 88' lang='lat' dir='ltr'><strong>noa</strong></span> <span class='ocrx_word' id='word_1_42' title='bbox 494 1367 648 1449; x_wconf 76' lang='lat' dir='ltr'><strong>reprobat,</strong></span> <span class='ocrx_word' id='word_1_43' title='bbox 658 1366 715 1430; x_wconf 88' lang='lat' dir='ltr'><strong>sed</strong></span> <span class='ocrx_word' id='word_1_44' title='bbox 725 1365 863 1448; x_wconf 89' lang='lat' dir='ltr'><strong>publicus</strong></span> <span class='ocrx_word' id='word_1_45' title='bbox 874 1365 1024 1448; x_wconf 86' lang='lat' dir='ltr'><strong>approbat</strong></span> <span class='ocrx_word' id='word_1_46' title='bbox 1032 1382 1117 1442; x_wconf 86' lang='lat' dir='ltr'><strong>usus,</strong></span> 
     </span>
     <span class='ocr_line' id='line_1_8' title="bbox 353 1480 1028 1566; baseline 0 -22"><span class='ocrx_word' id='word_1_47' title='bbox 353 1480 431 1546; x_wconf 89' lang='lat' dir='ltr'><strong>Huic</strong></span> <span class='ocrx_word' id='word_1_48' title='bbox 451 1499 562 1564; x_wconf 81' lang='lat' dir='ltr'><strong>operas</strong></span> <span class='ocrx_word' id='word_1_49' title='bbox 584 1483 697 1548; x_wconf 87' lang='lat' dir='ltr'><strong>debent</strong></span> <span class='ocrx_word' id='word_1_50' title='bbox 716 1483 908 1566; x_wconf 87' lang='lat' dir='ltr'><strong>militiamque</strong></span> <span class='ocrx_word' id='word_1_51' title='bbox 929 1499 1028 1558; x_wconf 71' lang='lat' dir='ltr'><strong>suarm</strong></span> 
     </span>
     <span class='ocr_line' id='line_1_9' title="bbox 271 1598 1116 1680; baseline 0 -19"><span class='ocrx_word' id='word_1_52' title='bbox 271 1598 423 1662; x_wconf 86' lang='lat' dir='ltr'><strong>Practicus</strong></span> <span class='ocrx_word' id='word_1_53' title='bbox 444 1598 515 1662; x_wconf 85' lang='lat' dir='ltr'><strong>huic</strong></span> <span class='ocrx_word' id='word_1_54' title='bbox 536 1601 639 1677; x_wconf 88' lang='lat' dir='ltr'><strong>servit,</strong></span> <span class='ocrx_word' id='word_1_55' title='bbox 658 1600 813 1680; x_wconf 77' lang='lat' dir='ltr'><strong>servitque</strong></span> <span class='ocrx_word' id='word_1_56' title='bbox 825 1599 993 1676; x_wconf 80' lang='lat' dir='ltr'><strong>theoricus3</strong></span> <span class='ocrx_word' id='word_1_57' title='bbox 1016 1615 1116 1662; x_wconf 86' lang='lat' dir='ltr'><strong>arcem</strong></span> 
     </span>
     <span class='ocr_line' id='line_1_10' title="bbox 166 1714 903 1799; baseline 0.001 -22"><span class='ocrx_word' id='word_1_58' title='bbox 166 1714 237 1777; x_wconf 86' lang='grc'><strong>450.</strong></span> <span class='ocrx_word' id='word_1_59' title='bbox 355 1715 475 1797; x_wconf 88' lang='lat' dir='ltr'><strong>imperii</strong></span> <span class='ocrx_word' id='word_1_60' title='bbox 496 1717 575 1782; x_wconf 90' lang='lat' dir='ltr'><strong>sacri</strong></span> <span class='ocrx_word' id='word_1_61' title='bbox 596 1716 791 1799; x_wconf 79' lang='lat' dir='ltr'><strong>Philosophia</strong></span> <span class='ocrx_word' id='word_1_62' title='bbox 812 1715 903 1782; x_wconf 82' lang='lat' dir='ltr'><strong>dedit</strong></span> 
     </span>
     <span class='ocr_line' id='line_1_11' title="bbox 270 1829 1280 1917; baseline 0.003 -23"><span class='ocrx_word' id='word_1_63' title='bbox 270 1829 390 1894; x_wconf 86' lang='lat' dir='ltr'><strong>Stoicus</strong></span> <span class='ocrx_word' id='word_1_64' title='bbox 400 1830 481 1896; x_wconf 84' lang='lat' dir='ltr'><strong>hano</strong></span> <span class='ocrx_word' id='word_1_65' title='bbox 490 1834 636 1914; x_wconf 83' lang='lat' dir='ltr'><strong>sequitur,</strong></span> <span class='ocrx_word' id='word_1_66' title='bbox 651 1833 722 1896; x_wconf 88' lang='lat' dir='ltr'><strong>dum</strong></span> <span class='ocrx_word' id='word_1_67' title='bbox 730 1850 854 1917; x_wconf 88' lang='lat' dir='ltr'><strong>semper</strong></span> <span class='ocrx_word' id='word_1_68' title='bbox 863 1833 896 1896; x_wconf 85' lang='lat' dir='ltr'><strong>in</strong></span> <span class='ocrx_word' id='word_1_69' title='bbox 906 1832 1008 1896; x_wconf 85' lang='lat' dir='ltr'><strong>ultima</strong></span> <span class='ocrx_word' id='word_1_70' title='bbox 1017 1833 1114 1896; x_wconf 88' lang='lat' dir='ltr'><strong>visum</strong></span> <span class='ocrx_word' id='word_1_71' title='bbox 1153 1857 1280 1907; x_wconf 55' lang='lat' dir='ltr'><strong>stagnat</strong></span> 
     </span>
     <span class='ocr_line' id='line_1_12' title="bbox 351 1928 1270 2030; baseline 0.001 -20"><span class='ocrx_word' id='word_1_72' title='bbox 351 1947 461 2030; x_wconf 83' lang='lat' dir='ltr'><strong>Dirigit</strong></span> <span class='ocrx_word' id='word_1_73' title='bbox 480 1954 510 2012; x_wconf 90' lang='lat' dir='ltr'><strong>et</strong></span> <span class='ocrx_word' id='word_1_74' title='bbox 530 1949 593 2012; x_wconf 89' lang='lat' dir='ltr'><strong>vitii</strong></span> <span class='ocrx_word' id='word_1_75' title='bbox 613 1949 750 2030; x_wconf 76' lang='lat' dir='ltr'><strong>gemens</strong></span> <span class='ocrx_word' id='word_1_76' title='bbox 770 1948 848 2014; x_wconf 85' lang='lat' dir='ltr'><strong>soloe</strong></span> <span class='ocrx_word' id='word_1_77' title='bbox 869 1954 964 2026; x_wconf 89' lang='lat' dir='ltr'><strong>secat,</strong></span> <span class='ocrx_word' id='word_1_78' title='bbox 1157 1928 1270 1968; x_wconf 73' lang='lat'><strong>⁵¹⁰¹⁶⁰¹⁰¹“&#39;</strong></span> 
     </span>
     <span class='ocr_line' id='line_1_13' title="bbox 270 2061 978 2147; baseline 0.006 -23"><span class='ocrx_word' id='word_1_79' title='bbox 270 2061 416 2126; x_wconf 85' lang='lat' dir='ltr'><strong>Virtutum</strong></span> <span class='ocrx_word' id='word_1_80' title='bbox 437 2082 558 2128; x_wconf 88' lang='lat' dir='ltr'><strong>causam</strong></span> <span class='ocrx_word' id='word_1_81' title='bbox 578 2065 680 2130; x_wconf 76' lang='lat' dir='ltr'><strong>statuit</strong></span> <span class='ocrx_word' id='word_1_82' title='bbox 699 2066 840 2147; x_wconf 62' lang='lat' dir='ltr'><strong>vitaeque</strong></span> <span class='ocrx_word' id='word_1_83' title='bbox 859 2065 978 2144; x_wconf 86' lang='lat' dir='ltr'><strong>beatae,</strong></span> 
     </span>
     <span class='ocr_line' id='line_1_14' title="bbox 353 2179 1019 2246; baseline 0.005 -6"><span class='ocrx_word' id='word_1_84' title='bbox 353 2179 391 2241; x_wconf 91' lang='lat' dir='ltr'><strong>Ut</strong></span> <span class='ocrx_word' id='word_1_85' title='bbox 410 2197 496 2244; x_wconf 80' lang='lat' dir='ltr'><strong>meas</strong></span> <span class='ocrx_word' id='word_1_86' title='bbox 518 2187 676 2246; x_wconf 77' lang='lat' dir='ltr'><strong>assuescat</strong></span> <span class='ocrx_word' id='word_1_87' title='bbox 697 2188 784 2246; x_wconf 85' lang='lat' dir='ltr'><strong>cauta</strong></span> <span class='ocrx_word' id='word_1_88' title='bbox 805 2183 912 2246; x_wconf 87' lang='lat' dir='ltr'><strong>timere</strong></span> <span class='ocrx_word' id='word_1_89' title='bbox 933 2184 1019 2244; x_wconf 86' lang='lat' dir='ltr'><strong>mori.</strong></span> 
     </span>
     <span class='ocr_line' id='line_1_15' title="bbox 162 2295 1023 2380; baseline 0.006 -23"><span class='ocrx_word' id='word_1_90' title='bbox 162 2295 236 2358; x_wconf 89' lang='grc'><strong>455.</strong></span> <span class='ocrx_word' id='word_1_91' title='bbox 266 2295 326 2358; x_wconf 82' lang='lat' dir='ltr'><strong>Hic</strong></span> <span class='ocrx_word' id='word_1_92' title='bbox 345 2297 434 2360; x_wconf 86' lang='lat' dir='ltr'><strong>timor</strong></span> <span class='ocrx_word' id='word_1_93' title='bbox 454 2298 578 2380; x_wconf 86' lang='lat' dir='ltr'><strong>expellit</strong></span> <span class='ocrx_word' id='word_1_94' title='bbox 596 2315 694 2362; x_wconf 88' lang='lat' dir='ltr'><strong>vanos</strong></span> <span class='ocrx_word' id='word_1_95' title='bbox 716 2316 734 2362; x_wconf 88' lang='lat' dir='ltr'><strong>a</strong></span> <span class='ocrx_word' id='word_1_96' title='bbox 754 2297 851 2363; x_wconf 85' lang='lat' dir='ltr'><strong>corde</strong></span> <span class='ocrx_word' id='word_1_97' title='bbox 871 2297 1023 2376; x_wconf 86' lang='lat' dir='ltr'><strong>tumultus,</strong></span> 
     </span>
     <span class='ocr_line' id='line_1_16' title="bbox 351 2412 1042 2497; baseline -0.001 -19"><span class='ocrx_word' id='word_1_98' title='bbox 351 2412 580 2497; x_wconf 79' lang='lat' dir='ltr'><strong>Mundaousque</strong></span> <span class='ocrx_word' id='word_1_99' title='bbox 600 2414 678 2497; x_wconf 79' lang='lat' dir='ltr'><strong>fugit</strong></span> <span class='ocrx_word' id='word_1_100' title='bbox 698 2415 759 2478; x_wconf 90' lang='lat' dir='ltr'><strong>hoc</strong></span> <span class='ocrx_word' id='word_1_101' title='bbox 779 2415 921 2480; x_wconf 88' lang='lat' dir='ltr'><strong>veniente</strong></span> <span class='ocrx_word' id='word_1_102' title='bbox 943 2415 1042 2493; x_wconf 84' lang='lat' dir='ltr'><strong>timor,</strong></span> 
     </span>
     <span class='ocr_line' id='line_1_17' title="bbox 269 2528 1052 2614; baseline 0.003 -22"><span class='ocrx_word' id='word_1_103' title='bbox 269 2528 443 2594; x_wconf 82' lang='lat' dir='ltr'><strong>Conteritur</strong></span> <span class='ocrx_word' id='word_1_104' title='bbox 462 2530 568 2609; x_wconf 70' lang='lat' dir='ltr'><strong>iastru,</strong></span> <span class='ocrx_word' id='word_1_105' title='bbox 590 2530 705 2594; x_wconf 85' lang='lat' dir='ltr'><strong>calidae</strong></span> <span class='ocrx_word' id='word_1_106' title='bbox 727 2531 807 2614; x_wconf 90' lang='lat' dir='ltr'><strong>perit</strong></span> <span class='ocrx_word' id='word_1_107' title='bbox 827 2531 957 2614; x_wconf 87' lang='lat' dir='ltr'><strong>impetus</strong></span> <span class='ocrx_word' id='word_1_108' title='bbox 978 2532 1052 2609; x_wconf 88' lang='lat' dir='ltr'><strong>irae,</strong></span> 
     </span>
     <span class='ocr_line' id='line_1_18' title="bbox 350 2646 977 2732; baseline -0.003 -22"><span class='ocrx_word' id='word_1_109' title='bbox 350 2646 388 2710; x_wconf 85' lang='lat' dir='ltr'><strong>Et</strong></span> <span class='ocrx_word' id='word_1_110' title='bbox 409 2654 510 2712; x_wconf 87' lang='lat' dir='ltr'><strong>cessat</strong></span> <span class='ocrx_word' id='word_1_111' title='bbox 529 2648 629 2726; x_wconf 85' lang='lat' dir='ltr'><strong>luxus,</strong></span> <span class='ocrx_word' id='word_1_112' title='bbox 651 2647 854 2732; x_wconf 88' lang='lat' dir='ltr'><strong>depopulator</strong></span> <span class='ocrx_word' id='word_1_113' title='bbox 876 2665 977 2730; x_wconf 87' lang='lat' dir='ltr'><strong>opum.</strong></span> 
     </span>
     <span class='ocr_line' id='line_1_19' title="bbox 267 2762 1001 2847; baseline 0.003 -23"><span class='ocrx_word' id='word_1_114' title='bbox 267 2762 365 2824; x_wconf 85' lang='lat' dir='ltr'><strong>Frena</strong></span> <span class='ocrx_word' id='word_1_115' title='bbox 385 2763 530 2847; x_wconf 85' lang='lat' dir='ltr'><strong>voluptati</strong></span> <span class='ocrx_word' id='word_1_116' title='bbox 552 2765 670 2843; x_wconf 87' lang='lat' dir='ltr'><strong>dautur,</strong></span> <span class='ocrx_word' id='word_1_117' title='bbox 692 2764 770 2828; x_wconf 89' lang='lat' dir='ltr'><strong>male</strong></span> <span class='ocrx_word' id='word_1_118' title='bbox 791 2762 886 2834; x_wconf 88' lang='lat' dir='ltr'><strong>suada</strong></span> <span class='ocrx_word' id='word_1_119' title='bbox 907 2763 1001 2828; x_wconf 90' lang='lat' dir='ltr'><strong>libido</strong></span> 
     </span>
     <span class='ocr_line' id='line_1_20' title="bbox 162 2875 953 2961; baseline 0.004 -22"><span class='ocrx_word' id='word_1_120' title='bbox 162 2875 234 2940; x_wconf 89' lang='grc'><strong>460.</strong></span> <span class='ocrx_word' id='word_1_121' title='bbox 351 2878 485 2961; x_wconf 86' lang='lat' dir='ltr'><strong>Deponit</strong></span> <span class='ocrx_word' id='word_1_122' title='bbox 504 2881 641 2946; x_wconf 88' lang='lat' dir='ltr'><strong>stimulos</strong></span> <span class='ocrx_word' id='word_1_123' title='bbox 661 2883 764 2946; x_wconf 87' lang='lat' dir='ltr'><strong>territa</strong></span> <span class='ocrx_word' id='word_1_124' title='bbox 785 2880 846 2948; x_wconf 80' lang='lat' dir='ltr'><strong>une</strong></span> <span class='ocrx_word' id='word_1_125' title='bbox 868 2899 953 2946; x_wconf 89' lang='lat' dir='ltr'><strong>suos.</strong></span> 
     </span>
     <span class='ocr_line' id='line_1_21' title="bbox 268 2993 1021 3078; baseline 0.005 -20"><span class='ocrx_word' id='word_1_126' title='bbox 268 2993 375 3058; x_wconf 88' lang='lat' dir='ltr'><strong>Omnia</strong></span> <span class='ocrx_word' id='word_1_127' title='bbox 396 3000 561 3062; x_wconf 86' lang='lat' dir='ltr'><strong>coutemnit</strong></span> <span class='ocrx_word' id='word_1_128' title='bbox 579 2998 696 3076; x_wconf 88' lang='lat' dir='ltr'><strong>leviter,</strong></span> <span class='ocrx_word' id='word_1_129' title='bbox 718 2999 770 3078; x_wconf 91' lang='lat' dir='ltr'><strong>qui</strong></span> <span class='ocrx_word' id='word_1_130' title='bbox 791 3015 824 3060; x_wconf 86' lang='lat' dir='ltr'><strong>se</strong></span> <span class='ocrx_word' id='word_1_131' title='bbox 844 2998 1021 3062; x_wconf 69' lang='lat' dir='ltr'><strong>modiorum</strong></span> 
     </span>
     <span class='ocr_line' id='line_1_22' title="bbox 351 3109 1019 3196; baseline 0.001 -22"><span class='ocrx_word' id='word_1_132' title='bbox 351 3109 473 3194; x_wconf 79' lang='lat' dir='ltr'><strong>Cogitat</strong></span> <span class='ocrx_word' id='word_1_133' title='bbox 493 3120 523 3176; x_wconf 90' lang='lat' dir='ltr'><strong>et</strong></span> <span class='ocrx_word' id='word_1_134' title='bbox 543 3114 651 3178; x_wconf 87' lang='lat' dir='ltr'><strong>recolit</strong></span> <span class='ocrx_word' id='word_1_135' title='bbox 672 3120 780 3178; x_wconf 85' lang='lat' dir='ltr'><strong>cuncta</strong></span> <span class='ocrx_word' id='word_1_136' title='bbox 801 3114 902 3196; x_wconf 87' lang='lat' dir='ltr'><strong>perire</strong></span> <span class='ocrx_word' id='word_1_137' title='bbox 923 3114 1019 3176; x_wconf 84' lang='lat' dir='ltr'><strong>brevi.</strong></span> 
     </span>
     <span class='ocr_line' id='line_1_23' title="bbox 268 3226 1091 3311; baseline 0 -21"><span class='ocrx_word' id='word_1_138' title='bbox 268 3226 299 3290; x_wconf 89' lang='lat' dir='ltr'><strong>Si</strong></span> <span class='ocrx_word' id='word_1_139' title='bbox 321 3235 420 3290; x_wconf 86' lang='lat' dir='ltr'><strong>tomen</strong></span> <span class='ocrx_word' id='word_1_140' title='bbox 442 3230 557 3311; x_wconf 86' lang='lat' dir='ltr'><strong>absque</strong></span> <span class='ocrx_word' id='word_1_141' title='bbox 578 3230 670 3294; x_wconf 88' lang='lat' dir='ltr'><strong>modo</strong></span> <span class='ocrx_word' id='word_1_142' title='bbox 691 3229 783 3295; x_wconf 84' lang='lat' dir='ltr'><strong>suerit</strong></span> <span class='ocrx_word' id='word_1_143' title='bbox 803 3230 954 3296; x_wconf 83' lang='lat' dir='ltr'><strong>meditatio</strong></span> <span class='ocrx_word' id='word_1_144' title='bbox 977 3229 1091 3306; x_wconf 85' lang='lat' dir='ltr'><strong>mortis,</strong></span> 
     </span>
     <span class='ocr_line' id='line_1_24' title="bbox 350 3343 1026 3430; baseline -0.004 -20"><span class='ocrx_word' id='word_1_145' title='bbox 350 3343 481 3410; x_wconf 82' lang='lat' dir='ltr'><strong>Subruot</strong></span> <span class='ocrx_word' id='word_1_146' title='bbox 501 3353 534 3408; x_wconf 91' lang='lat' dir='ltr'><strong>ut</strong></span> <span class='ocrx_word' id='word_1_147' title='bbox 554 3348 646 3410; x_wconf 87' lang='lat' dir='ltr'><strong>nimio</strong></span> <span class='ocrx_word' id='word_1_148' title='bbox 667 3346 763 3411; x_wconf 86' lang='lat' dir='ltr'><strong>corda</strong></span> <span class='ocrx_word' id='word_1_149' title='bbox 783 3365 898 3430; x_wconf 88' lang='lat' dir='ltr'><strong>pavore</strong></span> <span class='ocrx_word' id='word_1_150' title='bbox 919 3352 1026 3428; x_wconf 87' lang='lat' dir='ltr'><strong>stupor</strong></span> 
     </span>
     <span class='ocr_line' id='line_1_25' title="bbox 161 3459 1113 3545; baseline 0.004 -25"><span class='ocrx_word' id='word_1_151' title='bbox 161 3459 233 3522; x_wconf 84' lang='grc'><strong>465.</strong></span> <span class='ocrx_word' id='word_1_152' title='bbox 267 3459 407 3542; x_wconf 86' lang='lat' dir='ltr'><strong>Spesque</strong></span> <span class='ocrx_word' id='word_1_153' title='bbox 429 3469 584 3545; x_wconf 86' lang='lat' dir='ltr'><strong>perempta</strong></span> <span class='ocrx_word' id='word_1_154' title='bbox 606 3463 694 3528; x_wconf 86' lang='lat' dir='ltr'><strong>cadat</strong></span> <span class='ocrx_word' id='word_1_155' title='bbox 714 3463 805 3528; x_wconf 88' lang='lat' dir='ltr'><strong>variis</strong></span> <span class='ocrx_word' id='word_1_156' title='bbox 827 3463 943 3526; x_wconf 77' lang='lat' dir='ltr'><strong>cubate</strong></span> <span class='ocrx_word' id='word_1_157' title='bbox 958 3460 1113 3544; x_wconf 88' lang='lat' dir='ltr'><strong>procellis,</strong></span> 
     </span>
     <span class='ocr_line' id='line_1_26' title="bbox 349 3575 1009 3660; baseline 0.003 -22"><span class='ocrx_word' id='word_1_158' title='bbox 349 3575 477 3640; x_wconf 83' lang='lat' dir='ltr'><strong>Excedit</strong></span> <span class='ocrx_word' id='word_1_159' title='bbox 496 3578 607 3642; x_wconf 90' lang='lat' dir='ltr'><strong>licitum</strong></span> <span class='ocrx_word' id='word_1_160' title='bbox 629 3580 732 3642; x_wconf 88' lang='lat' dir='ltr'><strong>mortis</strong></span> <span class='ocrx_word' id='word_1_161' title='bbox 754 3581 855 3660; x_wconf 87' lang='lat' dir='ltr'><strong>imago</strong></span> <span class='ocrx_word' id='word_1_162' title='bbox 877 3577 1009 3655; x_wconf 85' lang='lat' dir='ltr'><strong>modum,</strong></span> 
     </span>
    </p>
   </div>
   <div class='ocr_carea' id='block_1_2' title="bbox 266 3691 1310 4010">
    <p class='ocr_par' dir='ltr' id='par_1_2' title="bbox 266 3691 1310 4010">
     <span class='ocr_line' id='line_1_27' title="bbox 266 3691 1067 3779; baseline 0 -25"><span class='ocrx_word' id='word_1_163' title='bbox 266 3691 395 3756; x_wconf 85' lang='lat' dir='ltr'><strong>Excedit</strong></span> <span class='ocrx_word' id='word_1_164' title='bbox 413 3691 500 3771; x_wconf 87' lang='lat' dir='ltr'><strong>fines,</strong></span> <span class='ocrx_word' id='word_1_165' title='bbox 523 3713 601 3776; x_wconf 86' lang='lat' dir='ltr'><strong>quos</strong></span> <span class='ocrx_word' id='word_1_166' title='bbox 622 3696 674 3760; x_wconf 85' lang='lat' dir='ltr'><strong>lex</strong></span> <span class='ocrx_word' id='word_1_167' title='bbox 692 3695 889 3779; x_wconf 84' lang='lat' dir='ltr'><strong>praescripsit</strong></span> <span class='ocrx_word' id='word_1_168' title='bbox 910 3695 948 3758; x_wconf 89' lang='lat' dir='ltr'><strong>ad</strong></span> <span class='ocrx_word' id='word_1_169' title='bbox 969 3711 1067 3769; x_wconf 66' lang='lat' dir='ltr'><strong>usuro</strong></span> 
     </span>
     <span class='ocr_line' id='line_1_28' title="bbox 348 3807 1012 3893; baseline -0.003 -21"><span class='ocrx_word' id='word_1_170' title='bbox 348 3807 386 3872; x_wconf 87' lang='lat' dir='ltr'><strong>Et</strong></span> <span class='ocrx_word' id='word_1_171' title='bbox 406 3815 533 3872; x_wconf 87' lang='lat' dir='ltr'><strong>mortem</strong></span> <span class='ocrx_word' id='word_1_172' title='bbox 553 3829 656 3874; x_wconf 86' lang='lat' dir='ltr'><strong>veram</strong></span> <span class='ocrx_word' id='word_1_173' title='bbox 678 3813 781 3876; x_wconf 86' lang='lat' dir='ltr'><strong>mortis</strong></span> <span class='ocrx_word' id='word_1_174' title='bbox 804 3812 905 3893; x_wconf 81' lang='lat' dir='ltr'><strong>imago</strong></span> <span class='ocrx_word' id='word_1_175' title='bbox 926 3811 1012 3892; x_wconf 84' lang='lat' dir='ltr'><strong>parit.</strong></span> 
     </span>
     <span class='ocr_line' id='line_1_29' title="bbox 266 3923 1310 4010; baseline -0.003 -22"><span class='ocrx_word' id='word_1_176' title='bbox 266 3923 329 3988; x_wconf 87' lang='lat' dir='ltr'><strong>Lex</strong></span> <span class='ocrx_word' id='word_1_177' title='bbox 346 3925 441 4007; x_wconf 90' lang='lat' dir='ltr'><strong>jubet,</strong></span> <span class='ocrx_word' id='word_1_178' title='bbox 464 3932 496 3988; x_wconf 89' lang='lat' dir='ltr'><strong>ut</strong></span> <span class='ocrx_word' id='word_1_179' title='bbox 515 3927 631 4006; x_wconf 89' lang='lat' dir='ltr'><strong>timeas,</strong></span> <span class='ocrx_word' id='word_1_180' title='bbox 651 3927 707 3992; x_wconf 90' lang='lat' dir='ltr'><strong>sed</strong></span> <span class='ocrx_word' id='word_1_181' title='bbox 729 3927 893 4010; x_wconf 87' lang='lat' dir='ltr'><strong>desperare</strong></span> <span class='ocrx_word' id='word_1_182' title='bbox 913 3927 1064 3989; x_wconf 86' lang='lat' dir='ltr'><strong>timentem</strong></span> <span class='ocrx_word' id='word_1_183' title='bbox 1112 3927 1139 3963; x_wconf 58' lang='grc' dir='ltr'><strong>θ’</strong></span> <span class='ocrx_word' id='word_1_184' title='bbox 1161 3925 1227 3963; x_wconf 66' lang='lat'>“¹⁰⁰“</span> <span class='ocrx_word' id='word_1_185' title='bbox 1247 3923 1310 3962; x_wconf 63' lang='lat'><strong>&#39;⁰⁰⁴⁶-</strong></span> 
     </span>
    </p>
   </div>
   <div class='ocr_carea' id='block_1_3' title="bbox 162 3995 1311 4124">
    <p class='ocr_par' dir='ltr' id='par_1_3' title="bbox 162 3995 1311 4124">
     <span class='ocr_line' id='line_1_30' title="bbox 162 3995 1311 4124; baseline 0 -22"><span class='ocrx_word' id='word_1_186' title='bbox 162 4039 232 4103; x_wconf 88' lang='grc'><strong>470.</strong></span> <span class='ocrx_word' id='word_1_187' title='bbox 348 4041 417 4104; x_wconf 86' lang='lat' dir='ltr'><strong>Non</strong></span> <span class='ocrx_word' id='word_1_188' title='bbox 438 4043 521 4105; x_wconf 86' lang='lat' dir='ltr'><strong>sinit:</strong></span> <span class='ocrx_word' id='word_1_189' title='bbox 542 4044 603 4107; x_wconf 93' lang='lat' dir='ltr'><strong>hoc</strong></span> <span class='ocrx_word' id='word_1_190' title='bbox 625 4045 705 4108; x_wconf 76' lang='lat' dir='ltr'><strong>omiti</strong></span> <span class='ocrx_word' id='word_1_191' title='bbox 727 4044 852 4106; x_wconf 87' lang='lat' dir='ltr'><strong>crimine</strong></span> <span class='ocrx_word' id='word_1_192' title='bbox 873 4043 969 4124; x_wconf 82' lang='lat' dir='ltr'><strong>majus</strong></span> <span class='ocrx_word' id='word_1_193' title='bbox 990 4040 1088 4102; x_wconf 81' lang='lat' dir='ltr'><strong>hebet.</strong></span> <span class='ocrx_word' id='word_1_194' title='bbox 1112 3995 1311 4104; x_wconf 41' lang='lat' dir='ltr'><strong>apopleavipntpp..</strong></span> 
     </span>
    </p>
   </div>
   <div class='ocr_carea' id='block_1_4' title="bbox 229 4237 1112 4305">
    <p class='ocr_par' dir='ltr' id='par_1_4' title="bbox 229 4237 1112 4305">
     <span class='ocr_line' id='line_1_31' title="bbox 229 4237 1112 4305; baseline 0 -16"><span class='ocrx_word' id='word_1_195' title='bbox 229 4239 262 4290; x_wconf 83' lang='lat' dir='ltr'><strong>V.</strong></span> <span class='ocrx_word' id='word_1_196' title='bbox 272 4239 330 4290; x_wconf 82' lang='grc'><strong>441.</strong></span> <span class='ocrx_word' id='word_1_197' title='bbox 349 4237 414 4304; x_wconf 74' lang='lat' dir='ltr'><strong>Arg.</strong></span> <span class='ocrx_word' id='word_1_198' title='bbox 433 4242 521 4305; x_wconf 80' lang='lat' dir='ltr'><strong>regina</strong></span> <span class='ocrx_word' id='word_1_199' title='bbox 540 4249 580 4294; x_wconf 86' lang='lat' dir='ltr'><strong>ost</strong></span> <span class='ocrx_word' id='word_1_200' title='bbox 597 4244 707 4295; x_wconf 80' lang='lat' dir='ltr'><strong>atterum</strong></span> <span class='ocrx_word' id='word_1_201' title='bbox 717 4244 774 4302; x_wconf 86' lang='lat' dir='ltr'><strong>Lm,</strong></span> <span class='ocrx_word' id='word_1_202' title='bbox 793 4241 902 4292; x_wconf 83' lang='lat' dir='ltr'><strong>aliarum</strong></span> <span class='ocrx_word' id='word_1_203' title='bbox 915 4238 1112 4302; x_wconf 80' lang='lat' dir='ltr'><strong>regioasith.</strong></span> 
     </span>
    </p>
   </div>
   <div class='ocr_carea' id='block_1_5' title="bbox 0 0 1466 4974">
    <p class='ocr_par' dir='ltr' id='par_1_5' title="bbox 0 0 1466 4974">
     <span class='ocr_line' id='line_1_32' title="bbox 0 0 1466 4974; baseline 0 0"><span class='ocrx_word' id='word_1_204' title='bbox 0 0 1466 4974; x_wconf 95' lang='lat' dir='ltr'><strong> </strong></span> 
     </span>
    </p>
   </div>
  </div>
 </body>
</html>
