2912 4976
619 503 821 616 Aac*

578 709 612 766 V.
636 701 758 768 1637-
771 705 860 770 1752.

203 831 469 906 nonusnullum,
492 831 690 900 outnuscunt
712 817 1132 894 cnutunttlnn'vtvnuuott
1155 835 1226 892 EST.

621 1003 819 1014 ..οὑ-

249 1119 372 1176 Cantium
394 1119 526 1178 redeundi
547 1121 665 1179 consilio
687 1129 786 1196 capto,
813 1137 925 1194 eorum,
946 1124 1105 1198 quibuscum
1128 1123 1165 1180 ibi
1186 1123 1270 1194 vivet,

165 1237 258 1278 mores
280 1222 415 1296 depingit.
459 1223 489 1281 ln
511 1225 631 1284 claustro
659 1225 826 1284 domicilium
851 1226 992 1284 babiturus
1019 1227 1144 1283 diversos
1171 1241 1269 1282 mnua-

162 1326 278 1382 cburum
300 1343 391 1384 mores
413 1327 556 1386 adumbrat
570 1345 597 1386 v.
612 1321 786 1400 loll-66,
807 1329 854 1386 ubl
875 1329 940 1387 nibil
962 1329 1111 1403 interprete
1132 1329 1270 1400 egetnisi

161 1430 186 1485 si
212 1429 277 1502 quid
306 1436 430 1488 veterum
456 1432 620 1506 scriptorum
651 1434 742 1490 locum
768 1432 890 1506 respicit
943 1433 1114 1506 Scriptorum
1146 1439 1269 1490 vetorum

164 1540 371 1608 contemptores
393 1553 420 1591 r.
445 1529 610 1593 1647-48
631 1536 774 1594 adumbrat
799 1553 854 1594 non
877 1537 984 1610 quidem
1005 1537 1112 1607 verbis,
1133 1537 1182 1592 scd
1204 1552 1269 1592 sen-

163 1637 255 1694 tentiis
277 1637 376 1710 Persii,
404 1639 450 1711 qui
471 1639 587 1696 Satiram
609 1639 727 1712 quintam
753 1639 795 1697 bis
817 1639 942 1696 versibus
964 1639 1066 1696 clandit
1089 1632 1268 1696 189-191:

366 1741 495 1812 „Dixeris
517 1742 585 1799 baec
605 1743 677 1800 iuter
699 1743 843 1800 varicosos
866 1743 1049 1814 centuriones,

365 1844 503 1902 Continuo
526 1863 645 1904 crassum
670 1846 741 1904 ridet
761 1847 902 1904 Vulienius
924 1847 1020 1918 ingens

364 1949 399 2004 Bt
420 1955 528 2006 centum
540 1950 660 2007 Graecos
683 1957 762 2007 curto
786 1957 910 2007 centusse
931 1948 1052 2008 licetur.“

162 2052 278 2109 Accedit
298 2059 395 2109 auctor
416 2053 619 2126 quodammodo
642 2053 676 2109 ad
698 2053 844 2110 dictionem
865 2053 923 2108 lere
944 2053 1162 2125 proverbialem,
1190 2071 1268 2126 qurum

161 2155 305 2212 llerbstius
337 2155 537 2230 suppeditavit,
570 2155 642 2228 apud
669 2156 831 2212 Ciceronem
858 2171 927 2228 quac
959 2161 1048 2212 exstat
1080 2156 1113 2211 ad
1139 2157 1210 2212 Fam.
1234 2156 1267 2212 V.

165 2255 218 2316 10:
262 2259 402 2330 ,Simius,
439 2274 495 2316 nou
531 2259 649 2316 semissis
686 2259 787 2332 bomo,
831 2265 927 2315 contra
969 2274 1012 2314 ma
1051 2275 1125 2316 arma
1166 2259 1268 2330 tulit;“

163 2364 219 2421 Sed
245 2379 262 2419 e
286 2363 391 2420 codicis
425 2361 603 2418 londinensis
630 2362 750 2419 lectione
776 2378 803 2417 v.
829 2354 908 2418 1648
930 2363 1115 2430 (celassem)
1141 2363 1164 2418 si
1185 2365 1270 2420 resti-

163 2467 263 2524 tuimus
301 2473 479 2534 sentuosum,
524 2471 622 2521 auctor
659 2463 738 2520 etiam
776 2465 928 2521 accuratius
963 2466 1097 2539 expressit
1139 2468 1267 2524 Persium.

161 2569 248 2626 Avari
268 2569 387 2640 imagine
409 2565 516 2640 depicta
528 2583 588 2623 eum
610 2567 859 2639 praedicatceteris
881 2567 1048 2640 nequiorem,
1071 2570 1116 2642 qui
1137 2572 1270 2628 maximae

161 2672 349 2742 liberalitatis,
372 2671 459 2744 qualis
487 2670 538 2726 luit
564 2670 591 2727 in
621 2670 698 2728 Gillia
719 2669 903 2742 Agrigentino
926 2672 998 2744 apud
1019 2672 1157 2730 Valerium
1179 2675 1268 2730 blaxi-

163 2793 244 2847 mum‚
266 2775 313 2832 lV.
326 2769 355 2831 8.
378 2769 407 2845 2,
429 2776 548 2848 speciem
570 2776 686 2846 simulat,
708 2775 757 2832 scd
779 2775 981 2832 sordidissimus
1005 2784 1056 2850 est,
1078 2784 1108 2833 ut
1124 2779 1223 2834 Demea
1241 2779 1267 2834 in

164 2880 284 2937 Terentii
293 2878 434 2950 Adelphis.
462 2880 516 2936 Sed
534 2885 563 2934 ut
578 2878 694 2935 bominis
705 2879 775 2950 lalsi,
792 2880 837 2951 qui
859 2878 931 2935 aliud
952 2880 1071 2936 clausum
1089 2881 1116 2937 in
1137 2890 1268 2954 pectore,

163 2983 238 3040 aliud
253 2989 389 3056 promtum
411 2981 437 3038 in
449 2980 542 3054 lingua
563 2981 655 3052 babet,
677 2998 768 3038 mores
780 2983 932 3040 accuratius
949 2983 1100 3056 adumbret,
1117 2988 1267 3059 exenrplum

164 3088 245 3143 ctiam
268 3085 342 3142 addit
363 3085 490 3156 hominis,
512 3086 558 3158 qui
579 3085 630 3141 etsi
652 3085 725 3142 omui
747 3093 823 3142 caret
844 3086 990 3158 religione,
1012 3095 1042 3143 ul
1052 3089 1195 3148 Flaminius
1211 3092 1268 3162 ille,

164 3191 211 3264 qul
236 3205 327 3246 rerum
352 3189 503 3245 futurarum
529 3188 608 3258 signa
635 3205 694 3243 cum
721 3205 818 3260 magna
851 3189 1018 3262 reipublicae
1046 3193 1123 3249 clade
1146 3196 1267 3268 neglexit

166 3293 309 3358 (CicDiv.
331 3293 354 3362 l,
376 3283 674 3362 baptismorum
696 3291 770 3362 rogis
792 3291 954 3364 religionem
966 3301 993 3349 et
1003 3295 1130 3366 pietatem
1153 3299 1266 3355 simulat.

251 3395 326 3461 Quos
355 3393 412 3465 jam
444 3398 569 3448 recenset
595 3393 713 3463 amicos,
745 3393 764 3448 ii
796 3395 875 3452 nobis
909 3412 943 3451 ex
972 3397 1029 3453 eius
1052 3400 1173 3471 epistolis
1206 3409 1268 3458 sunt

167 3500 235 3570 noti,
256 3497 332 3554 Brito
354 3503 383 3552 et
404 3496 475 3552 0do.
519 3494 675 3551 Guilielmus
696 3495 786 3567 Brito,
815 3497 849 3552 ad
871 3515 949 3570 quem
971 3501 1063 3571 plures
1086 3510 1193 3560 exstant
1215 3523 1267 3562 au-

166 3601 252 3658 ctoris
269 3599 413 3672 epistolae,
436 3597 557 3667 claustri,
580 3596 664 3670 quod,
686 3603 716 3652 ut
736 3598 958 3671 lappenbergius
980 3603 1083 3674 docuit,
1107 3606 1267 3666 Cantrrariae

167 3709 249 3763 Sctae
270 3701 393 3759 Trinitati
414 3707 549 3758 sacratum
572 3707 641 3773 orat,
663 3701 712 3758 luit
733 3701 876 3776 subprior,
897 3705 967 3762 linx.
984 3707 1051 3764 Bibl.
1076 3705 1265 3772 Patr.''XXlll.

166 3811 216 3882 Ep.
247 3801 314 3862 196.
341 3799 411 3861 210.
440 3797 510 3861 238.
573 3804 649 3861 Brito
681 3802 704 3860 si
730 3822 756 3863 v.
787 3800 866 3864 1682
893 3809 1014 3882 probare
1046 3813 1161 3888 dicitur,
1194 3822 1268 3892 quod

167 3919 265 3970 auctor·
291 3910 409 3980 luserat,
436 3908 490 3966 hoc
516 3909 644 3981 exemplo
672 3908 831 3966 affirmatum
858 3911 1007 3970 invenimus
1035 3916 1061 3972 in
1083 3919 1132 3991 Ep.
1155 3913 1213 3993 81,
1240 3926 1267 3981 in

167 4033 220 4090 qua
241 4015 322 4071 Petro
344 4012 463 4068 Blesensi
480 4012 581 4083 jocose
597 4011 711 4083 nuntiat,
733 4029 763 4068 se
784 4013 871 4072 invito
890 4016 1079 4077 Policruticum
1102 4023 1266 4098 descriptum

168 4135 229 4178 csse
250 4135 266 4174 a
287 4115 407 4174 Britoue.
448 4115 516 4172 Eum
542 4115 566 4171 si
588 4133 643 4172 non
672 4133 763 4173 armare
790 4117 916 4175 dicuntur
938 4121 1066 4180 Balatbro
1088 4132 1115 4181 et
1135 4129 1226 4186 Davus
1249 4133 1265 4188 i.

168 4242 192 4280 e.
214 4219 337 4279 homines
358 4217 472 4276 levioris
494 4217 584 4290 animi,
606 4219 758 4292 Pamphilus
781 4220 797 4277 i.
822 4237 844 4278 e.
868 4238 961 4280 amore
983 4233 1087 4300 captus,
1110 4247 1266 4302 agnoscen-
