2912 4976
686 407 737 485 89

153 611 248 670 nensis
271 614 454 672 constituerat
476 612 617 670 Ciceronis
639 616 674 671 de
695 615 797 672 Officiis
819 616 905 672 libros
929 607 988 672 cum
1016 610 1169 686 praeceptis
1193 611 1260 668 reli-

154 717 249 790 gionis
269 717 439 774 Christianae
461 733 639 790 componens.
682 720 811 792 Physices
832 719 1014 777 scholasticae
1036 724 1098 774 ante
1119 717 1259 774 Albertum

154 823 286 894 ldaguum
309 822 470 894 opusculum
493 821 600 893 quidem
623 823 798 882 observatum
820 829 863 879 cst
885 823 1002 894 nullum,
1025 837 1184 894 quamquam
1205 837 1260 878 non

156 927 242 984 modo
265 942 282 981 e
305 924 458 994 Ciceronis,
479 926 601 982 Senecae
623 932 651 982 et
661 926 737 985 Plinii
759 927 866 1000 scriptis
889 927 934 983 illa
956 925 1121 997 innotuerat,
1143 925 1192 981 sed
1204 925 1260 996 jann

157 1029 283 1102 pluribus
305 1029 404 1086 seculis
426 1033 498 1099 aute,
520 1045 555 1085 ne
577 1029 611 1084 de
624 1028 758 1086 Gerberto
781 1029 879 1100 dicam,
912 1029 1019 1086 Parisiis
1041 1027 1137 1090 doceri
1158 1029 1262 1084 soleret

157 1132 240 1200 (llist.
263 1133 313 1189 litt.
336 1133 370 1188 de
392 1133 418 1189 la
440 1132 483 1188 Fr.
506 1130 556 1200 tx,
578 1149 607 1204 p.
632 1126 724 1200 leh).
747 1133 879 1190 lobannis
901 1149 970 1192 vero
990 1139 1112 1207 tempore
1135 1150 1150 1188 a
1172 1131 1261 1188 medi-

157 1237 217 1307 cis,
260 1236 308 1308 qui
340 1242 369 1290 et
400 1235 453 1308 ipsi
488 1236 573 1306 vulgo
610 1237 719 1309 physici
750 1237 991 1310 nuncupabantur,
1033 1236 1154 1309 inprimis
1190 1237 1262 1292 culta

158 1346 211 1411 cst,
233 1346 316 1411 atque
343 1355 378 1395 ex
405 1353 501 1394 eorum
527 1339 630 1396 sobolis
652 1341 708 1411 jaun
736 1341 763 1398 in
791 1343 889 1413 vulgus
911 1342 1070 1412 effluxeratq
1092 1346 1170 1396 erant
1191 1340 1260 1396 enim

158 1444 205 1516 qni
242 1443 393 1498 medicinae
428 1440 523 1498 studiis
560 1458 673 1515 operum
711 1445 822 1515 darent,
860 1447 964 1502 etiarnsi
1002 1451 1087 1501 artem
1130 1443 1261 1500 medicam

158 1563 293 1603 exercere
316 1546 430 1617 nollent,
451 1545 522 1600 unde
543 1545 643 1603 Polior.
667 1547 700 1618 ll,
723 1563 748 1603 o.
772 1542 827 1612 29,
849 1548 958 1621 Physici
981 1547 1124 1605 theoretici
1145 1553 1173 1604 ct
1193 1564 1262 1620 pra-

157 1651 224 1707 ctici
245 1651 456 1721 distinguuntur.
500 1649 587 1706 Etiam
610 1651 682 1723 apud
703 1652 844 1723 hugonem
866 1652 901 1710 dc
916 1653 944 1710 S.
957 1652 1071 1708 Victore
1093 1651 1262 1723 quadrivium

157 1754 263 1826 excipit
284 1755 352 1810 haec
372 1752 487 1826 physica
509 1769 557 1810 sen
579 1754 754 1829 philosophia
776 1755 915 1826 naturalis,
936 1755 992 1812 imo
1012 1755 1131 1812 eiusdem
1153 1754 1265 1827 peculi·.

156 1874 205 1914 arc
227 1858 262 1914 de
283 1857 441 1914 animalibus
462 1863 491 1912 et
512 1857 647 1931 lapidibus
669 1866 758 1916 exstat
779 1860 910 1932 scriptum
926 1859 996 1932 0pp.
1013 1858 1123 1929 Volll,
1144 1875 1171 1930 p.
1193 1851 1261 1915 177.

156 1961 243 2018 Ernd.
265 1961 352 2017 didas.
375 1960 410 2030 ll,
436 1954 483 2017 17.
532 1961 641 2018 Vidcsis
664 1979 733 2035 quae
755 1963 790 2020 de
810 1962 968 2020 Aristotelis
989 1960 1111 2034 Physicis
1133 1968 1161 2018 et
1181 1961 1262 2018 Ethi-

158 2067 197 2124 cis
226 2083 281 2123 non
309 2065 420 2121 omnino
447 2065 551 2136 ignotis
578 2065 775 2139 disputavimus
803 2064 837 2122 ad
863 2083 890 2122 v.
919 2058 979 2121 451
1010 2082 1069 2138 sqq.
1122 2064 1262 2122 lohannes

156 2171 212 2227 hoc
238 2170 303 2226 loco
331 2169 466 2242 postulat,
499 2175 529 2224 ut
555 2168 601 2241 qui
623 2169 658 2226 ad
681 2169 839 2241 theologiae
861 2169 1000 2240 fastigium
1021 2167 1188 2224 adscendere
1210 2185 1262 2224 nu·

158 2274 245 2346 piant,
269 2278 348 2329 antea
370 2278 399 2328 et
419 2271 486 2327 artis
509 2273 631 2328 medicae
652 2280 680 2328 et
696 2273 766 2344 juris
789 2272 877 2329 studia
899 2273 1075 2330 absolverint.
1108 2265 1158 2328 llla
1173 2276 1263 2328 aetate

159 2367 294 2432 eiusmodi
315 2375 505 2446 eruditionem,
528 2391 608 2448 quana
630 2376 889 2449 encyclopaedicsm
910 2393 961 2432 nos
983 2390 1123 2446 vocamus,
1146 2389 1202 2430 nou
1217 2375 1263 2430 in-

158 2480 277 2536 auditnm
304 2480 388 2536 luisse
415 2486 443 2536 et
468 2479 553 2552 ipsius
574 2479 707 2537 lobannis
734 2481 823 2536 nostri
845 2486 872 2536 et
893 2480 964 2536 l’etri
985 2479 1135 2536 Blaescnsis
1158 2485 1186 2534 et
1206 2495 1262 2550 po·

157 2590 216 2640 stea
233 2583 371 2640 lliuoentii
380 2582 583 2640 bellovacensis
606 2584 730 2656 exempla
752 2583 862 2640 docent.
906 2583 1032 2640 Ceteram
1054 2583 1089 2639 de
1110 2583 1262 2639 studiorum

157 2687 277 2758 ratione,
298 2703 368 2759 quae
393 2686 439 2742 illu
460 2693 550 2744 aetate
577 2689 605 2744 in
631 2705 681 2744 usur
709 2694 782 2758 erat,
809 2687 936 2744 conferas
958 2687 1080 2758 lingonis
1103 2685 1138 2742 dc
1159 2687 1262 2743 Sancto

156 2791 273 2848 Victore
300 2796 402 2863 totum,
434 2791 508 2863 quod
534 2791 607 2863 dixi,
630 2791 791 2864 opusculum
813 2788 973 2847 eruditionis
995 2788 1190 2860 didascalicae,
1216 2789 1260 2845 cd.

156 2894 322 2966 liotbomag.
345 2894 410 2951 Vol.
422 2895 467 2950 lll.
489 2893 548 2950 init.
572 2899 600 2950 ct
619 2893 756 2950 vincentii
766 2892 967 2950 bellovacensis
988 2892 1084 2948 lland-
1105 2892 1159 2948 und
1175 2891 1262 2948 bebr-

156 2997 230 3056 bucb
256 2999 301 3054 hir
322 2998 432 3070 Konigl.
454 2997 567 3056 Prinacn
594 2997 649 3053 und
676 2998 735 3054 ihre
761 2997 877 3068 lehrer,
911 2996 1002 3052 bbers.
1030 3013 1056 3052 v.
1084 2997 1128 3052 Fr.
1157 2995 1260 3070 Ghrph.

156 3101 318 3173 Scblosser,
340 3102 448 3158 Franks.
471 3119 497 3158 a.
521 3101 555 3156 ll.
581 3094 677 3172 1829,
699 3099 821 3172 inprimis
842 3099 906 3156 Vol.
929 3099 957 3169 l,
979 3115 1003 3154 c.
1029 3092 1064 3156 11
1089 3104 1117 3154 et
1137 3098 1202 3156 Vol.
1225 3098 1261 3170 11,

155 3205 240 3260 Abtb.
263 3204 294 3276 l.,
317 3211 398 3278 atque
409 3204 528 3262 eiusdem
541 3205 657 3279 Speculo
671 3204 716 3260 illa
729 3203 859 3275 ingentia.
893 3201 922 3260 si
939 3203 1093 3273 neglectum
1106 3202 1215 3260 videtur
1225 3203 1259 3260 ab

155 3315 270 3366 auctore
292 3315 390 3367 nostro
413 3308 597 3381 quadrivium,
619 3307 779 3378 tenendum,
800 3309 855 3364 boc
876 3323 910 3362 ex
932 3307 990 3362 eius
1011 3307 1143 3363 sententia
1166 3307 1222 3378 jans
1244 3323 1259 3364 a

154 3412 249 3484 pueris
272 3428 333 3470 csse
356 3412 515 3481 colendum,
546 3411 627 3467 sicuti
653 3410 713 3484 ipse
739 3411 766 3467 in
788 3427 822 3467 eo
844 3417 968 3468 versutus
998 3418 1071 3483 erat,
1103 3411 1259 3484 priusquam

154 3514 273 3572 Parisios
295 3513 425 3585 venisset,
446 3513 536 3570 bletal.
558 3513 598 3584 ll,
623 3505 683 3569 th·

240 3619 270 3676 Si
295 3619 350 3690 jam
375 3633 391 3674 a
417 3635 443 3674 v.
466 3609 527 3675 375
555 3616 618 3676 iude
644 3617 750 3674 laudem
778 3634 793 3674 e
819 3618 901 3675 rebus
923 3623 1025 3676 tanturn
1046 3618 1151 3676 Divinis
1172 3634 1258 3691 quae·

152 3721 266 3778 rendam
295 3720 384 3792 ducit,
417 3721 523 3778 laudem
549 3721 620 3777 bano
645 3736 662 3776 a
688 3736 754 3776 vera
781 3721 881 3778 virtute
908 3725 935 3776 et
961 3721 1015 3778 lide
1039 3737 1095 3778 non
1124 3721 1258 3779 diversam

153 3826 253 3896 videri,
277 3825 409 3884 observes
431 3830 553 3897 oportet.
597 3823 777 3894 categoriae,
804 3823 950 3880 secundum
972 3840 1039 3897 quas
1060 3824 1131 3884 banc
1151 3824 1257 3882 laudem

152 3928 338 4002 persequitur,
360 3945 520 4002 quamquam
532 3926 642 3986 Stoicae
658 3925 858 3999 dispositionis,
869 3943 948 3998 quam
964 3925 991 3984 in
1012 3927 1099 3984 libro:
1122 3927 1257 3987 Philoro-

149 4032 240 4106 plaiae
247 4031 444 4107 Chrysippeos
453 4032 647 4105 fundamento
657 4029 685 4086 l’.
692 4030 773 4104 lV,p.
781 4024 908 4103 216sqq.
920 4029 1046 4104 exposui,
1058 4029 1257 4090 similitudinem

152 4135 287 4209 quandam
304 4151 372 4209 prae
384 4151 414 4192 se
427 4136 528 4208 lerunt,
544 4150 600 4193 uon
616 4139 705 4190 tamen
716 4135 828 4193 eaedem
844 4140 915 4207 sunt,
932 4133 981 4192 sed
991 4133 1019 4191 iu
1029 4132 1186 4194 Aristotelis
1196 4136 1257 4196 lle·
