2924 4974
737 447 933 560 Α...

465 653 545 718 Vera
565 651 649 717 Deus
669 649 722 714 tux
742 653 791 712 est
811 655 843 712 et
861 647 981 712 luminis
1001 647 1081 714 itlius
1103 655 1217 725 auctor,

549 769 619 846 Quo
639 766 708 830 aulo
729 781 801 830 sese
822 765 951 848 guisum
970 765 1077 829 uidere
1097 771 1206 847 potest

470 888 508 952 Ut
526 903 562 952 se
582 885 650 967 quis
671 882 781 962 niteat
801 887 849 946 est
867 882 976 946 summi
994 881 1115 946 luminis
1134 899 1219 960 usus,

549 999 683 1068 ituneris
704 1005 753 1064 est
772 1017 846 1064 usus
866 1015 975 1064 munus
997 1017 1098 1062 amare
1120 998 1230 1077 damur,

362 1123 434 1186 ets.
468 1119 602 1184 umens
623 1123 671 1182 est
691 1133 765 1182 usus
786 1115 963 1180 discernere
983 1121 1092 1178 cuneta
1112 1121 1265 1198 potenter,

549 1235 683 1300 iteneris
704 1239 751 1297 est
771 1249 846 1298 usus
866 1231 965 1296 cuius
986 1247 1132 1312 amurgam
1153 1232 1235 1311 honi,

466 1353 599 1420 umens
621 1357 669 1414 eat
688 1367 763 1415 umus
783 1367 885 1412 rerum
905 1363 1099 1430 cognoscere
1118 1347 1245 1427 tructus,

549 1468 684 1534 iteneris
705 1473 753 1530 est
773 1483 847 1530 usus
868 1465 907 1529 ad
927 1465 1052 1528 meliora
1072 1463 1160 1542 trahi,

467 1587 601 1652 Muneris
622 1590 777 1648 auctorem
798 1599 991 1666 cognoscere
1011 1581 1145 1646 mammis
1166 1599 1251 1660 usus,

364 1704 434 1768 650.
551 1701 685 1766 htuneris
706 1705 753 1764 est
772 1716 848 1764 usus
869 1715 1003 1763 summus
1025 1717 1127 1764 amare
1147 1699 1254 1762 Deum.

165 1835 218 1882 ouo
233 1847 289 1874 vm·
303 1836 363 1886 outo-
469 1819 502 1888 si
522 1819 569 1882 vis
589 1817 671 1882 nulla
692 1821 794 1900 potest
812 1815 998 1898 disjungere,
1018 1833 1098 1897 quos
1120 1833 1206 1879 amor
1225 1817 1300 1894 unit,

164 1907 363 2026 wag*
551 1935 649 1998 Verus
670 1933 871 2017 philosophus
891 1949 955 1996 uon
976 1933 1033 1996 erit
1052 1932 1168 2014 absque
1188 1932 1266 1996 Deo.

467 2052 529 2120 Sed
549 2069 609 2116 uec
627 2067 711 2114 mors
732 2051 844 2133 poterit
863 2050 952 2114 istrum
973 2049 1143 2116 dissolvere
1163 2067 1285 2127 nexum,

553 2169 704 2250 Perpetuo
724 2167 815 2245 uiuet,
836 2169 887 2248 quui
908 2167 1063 2250 sapienter
1084 2172 1170 2228 amat

297 2285 437 2350 ocu-655.
470 2285 525 2350 Est
544 2285 636 2368 igitur
656 2283 733 2347 ratio
753 2283 921 2367 speculum,
942 2301 1005 2366 quo
1026 2289 1136 2346 cuncta
1154 2281 1304 2360 uidentur,

163 2375 273 2480 „222⁸
291 2369 366 2479 ,ΤΞ
555 2399 727 2481 efficioque
749 2399 829 2464 ocuti
850 2399 986 2483 iungituu
1006 2407 1095 2483 atque
1116 2417 1232 2478 manus,

163 2511 293 2622 “mxci
312 2513 363 2562 ⁶¹⁹⁵·
471 2516 602 2583 Conscia
623 2523 749 2582 nahuac
769 2533 875 2580 rerum
896 2523 1047 2582 scrutetur
1066 2523 1098 2582 et
1117 2517 1217 2598 acqui,

548 2633 670 2698 Arbitra
690 2633 830 2698 uirtutum
852 2635 919 2698 sola
939 2635 1087 2700 ministrat
1107 2649 1192 2717 opes.

465 2751 527 2816 Res
548 2749 658 2833 triptici
679 2755 819 2833 spectare
840 2751 933 2816 modo
953 2752 1031 2816 ratio
1051 2750 1237 2834 perhibetur,

164 2299 219 2344 thaat
236 2299 284 2338 natta

165 2373 183 2408 tu
274 2375 282 2408 t

317 2847 324 2862 ’
362 2866 433 2930 666.
549 2866 614 2932 Nec
636 2872 775 2948 quereum
795 2869 893 2949 potuit
917 2885 1003 2932 mens
1024 2868 1161 2951 reperire
1180 2865 1313 2930 modum.

467 2982 667 3048 Concretivus
688 2982 739 3046 hic
760 2989 817 3062 ast,
839 2985 915 3048 alius
936 2991 1082 3048 concreta
1100 2983 1237 3064 resolvit,

550 3100 611 3164 Res
632 3099 724 3164 rebus
747 3099 866 3164 confert
885 3101 990 3166 tertius
1012 3107 1102 3182 atque
1123 3099 1224 3164 refert

465 3215 607 3280 Naturam
628 3217 754 3300 primus,
775 3216 931 3282 mathesim
952 3217 1069 3281 medius
1091 3217 1258 3293 comitatur,

548 3332 687 3398 Vindicat
707 3339 874 3398 extremum
895 3334 998 3416 logica
1018 3335 1085 3398 sota
1105 3333 1170 3397 sihi.

361 3450 430 3514 665.
463 3449 549 3514 Mens
560 3455 699 3514 uersatur
713 3450 744 3512 in
760 3449 807 3512 his
822 3457 852 3514 et
867 3451 988 3533 singula
999 3457 1107 3534 pensat
1121 3449 1159 3514 ad
1169 3467 1314 3532 unguem,

547 3565 586 3628 Ut
604 3583 706 3630 rerum
727 3565 808 3628 vires
830 3573 918 3630 cautu
937 3567 1043 3630 uidere
1063 3573 1164 3649 queat,

467 3683 564 3757 Quam
583 3700 623 3746 ne
645 3682 781 3746 delusam
802 3683 918 3746 virtutis
939 3683 1073 3765 imagine
1092 3683 1168 3748 ialsa

548 3798 582 3861 tn
604 3799 681 3862 mala
701 3798 899 3882 praecipitem
921 3800 1040 3864 nubilus
1063 3817 1150 3863 error
1171 3804 1250 3881 agat,

464 3913 501 3978 Et
522 3932 562 3977 ne
582 3931 641 3998 pro
662 3914 754 3979 rebus
776 3921 877 3980 teneat
897 3916 1104 3998 phantesmata
1124 3933 1235 3995 rerum,

360 4031 431 4095 670.
546 4029 687 4095 Notitiam
709 4033 773 4095 veri
795 4039 879 4096 secta
900 4032 998 4096 fidelis
1020 4037 1108 4096 amat.

426 4197 618 4254 vnete-sss
635 4201 691 4254 inL
707 4201 819 4264 margini
837 4201 962 4264 adscripti
981 4175 1061 4254 sunt.⁸
1087 4205 1120 4254 V.
1133 4201 1193 4256 663.
1209 4203 1315 4256 mathe-

361 4268 412 4318 sim
429 4269 458 4330 L,
476 4269 608 4320 mathesin
626 4270 659 4320 u.
693 4269 727 4320 V.
744 4267 805 4322 664.
822 4269 945 4321 Vindicat
962 4284 985 4330 c,
1002 4270 1122 4322 vendicat
1138 4271 1158 4321 L
1177 4271 1203 4322 et
1218 4271 1254 4322 Η.

1452 2459 1454 2524 i
