2924 4974
530 453 712 568 „u-

275 653 330 718 Est
351 655 485 720 coeleste
506 656 619 720 honum
640 655 966 736 solemquelieumque
986 653 1101 734 videre,

360 772 493 854 Solaque
515 773 657 836 mortales
678 771 823 836 inferiora
843 770 954 836 vident.

275 888 343 951 Lux
362 890 508 952 immensa
530 890 606 972 tegit
626 889 733 966 solem,
755 888 916 970 divinaque
937 907 1061 972 semper

146 1004 238 1068 1010.
357 1005 498 1088 Majestas
519 1007 565 1069 sic
585 1012 632 1068 est
652 1005 765 1070 frumine
786 1010 865 1068 tecta
886 1021 953 1068 suo.

273 1123 330 1184 Est
350 1124 380 1184 in
402 1122 495 1185 solari
516 1121 585 1184 fons
606 1122 726 1186 luminis
748 1127 837 1203 atque
859 1121 969 1185 caloris

358 1236 508 1319 Corpore,
529 1238 682 1320 spiritibus
702 1237 773 1302 fons
792 1239 949 1319 utrirrsqne
970 1238 1063 1302 Deus.

271 1354 360 1417 Nulla
373 1355 475 1436 perire
490 1359 593 1436 potest
608 1353 950 1435 substantiarumque
961 1354 1077 1418 formae
1099 1358 1152 1403 ona
1175 1361 1231 1438 itui·
1251 1361 1286 1440 5⁰¹¹

357 1469 533 1534 Succedens
543 1467 694 1552 prohibet,
706 1469 789 1549 quod
800 1476 911 1549 movet,
922 1487 992 1534 esse
1003 1469 1085 1534 nihil.
1125 1435 1191 1468 ’unm
1218 1437 1271 1479 '’m‘'

147 1588 237 1649 1015.
270 1586 401 1650 Motibus
417 1587 464 1648 his
480 1594 617 1650 recreata
632 1593 754 1650 manent
768 1586 915 1652 elementa
924 1588 1098 1670 vigentque,

355 1703 434 1766 Dum
454 1709 542 1766 veura
564 1702 700 1766 abscedit
720 1709 751 1766 et
770 1721 850 1766 nova
870 1703 969 1768 forma
990 1704 1086 1768 datur.

270 1821 375 1884 Portio
393 1819 477 1883 fessa
497 1825 577 1884 statu
598 1827 684 1902 graio
704 1821 836 1884 novitate
857 1823 982 1884 resumit

356 1936 461 2000 Robur
481 1942 512 1998 et
533 1954 551 1998 a
572 1935 677 2000 fonnis
699 1938 810 2019 accipit
830 1955 901 2000 esse
922 1954 1042 2001 novum.

269 2051 388 2116 Alterat
407 2053 485 2116 haec
506 2054 637 2134 species,
660 2051 742 2116 aliud
762 2053 835 2117 facit
855 2054 914 2132 ilfa,
936 2071 1096 2136 genusque

145 2169 236 2231 1020.
354 2169 470 2232 Dicitur
490 2174 521 2230 et
542 2168 661 2232 confert
682 2171 803 2234 cuilibet
824 2189 894 2234 esse
914 2173 969 2234 rei.

270 2283 408 2348 Informis
429 2285 513 2348 Deus
536 2291 592 2364 est,
613 2285 778 2350 formarum
799 2285 897 2351 forma
916 2289 1077 2370 vigorque,
1096 2311 1294 2355 astronomum,

353 2401 387 2463 In
409 2418 470 2482 quo
491 2419 543 2464 res
565 2404 662 2466 omnis
685 2409 862 2485 perpetuata
882 2409 990 2466 manet.
1093 2382 1290 2442 ‘'¹'⁰¹¹'¹'‘⁰'¹¹¹⁸'¹'=“''

269 2517 398 2598 Semper
418 2519 498 2580 enim
518 2519 590 2581 vivit
610 2519 687 2582 ratio
711 2516 820 2598 divina,
842 2537 978 2602 perenne

351 2635 412 2698 Res
434 2653 540 2698 omnes
561 2635 666 2697 vivunt
686 2635 718 2697 in
738 2635 855 2698 ratione
876 2636 943 2713 Dei,

144 2751 232 2814 1025.
266 2753 471 2833 lmrnotaeqne
492 2757 613 2814 manent
633 2750 730 2830 ideae,
753 2757 871 2814 constat
890 2752 921 2814 in
941 2751 1009 2830 illis,

352 2868 502 2951 Quicquid
525 2868 563 2931 ad
584 2885 725 2930 occasum
745 2869 890 2949 temporis
907 2869 988 2932 unda
1003 2872 1090 2952 rapit.

267 2985 430 3066 Dispensat
450 3003 552 3048 rerum
573 2991 672 3048 motus
693 2986 771 3048 ratio
793 2985 859 3048 sine
881 2992 973 3062 motu,

351 3101 388 3162 Et
408 3101 521 3164 stabilis
542 3102 637 3164 virtus
659 3108 797 3182 tempora
818 3109 927 3164 cuncta
947 3110 1056 3165 movet.

265 3216 336 3278 Non
356 3225 427 3281 sunt
446 3218 591 3282 informes
612 3218 670 3296 Dii,
693 3235 771 3298 quos
792 3224 898 3281 nature
919 3221 1049 3282 creatrix

143 3332 230 3395 1030.
348 3334 396 3396 Ex
415 3335 506 3396 variis
529 3340 627 3396 orium
648 3335 739 3398 rebus
760 3335 874 3398 habere
895 3335 976 3411 facit,

267 3452 336 3524 Quo
360 3450 576 3512 circumscribit
596 3451 684 3528 ratio,
705 3456 873 3531 naturaque
893 3450 972 3514 facta

348 3567 518 3648 Formaque
540 3570 690 3630 concretis
714 3566 850 3630 redditur
871 3573 960 3648 atquc
982 3585 1088 3649 genus.

266 3683 405 3747 informis
427 3685 511 3748 Deus
533 3689 589 3762 est,
611 3685 680 3765 quia
701 3683 839 3764 simplex,
860 3701 923 3746 non
945 3683 1064 3746 aliunde

350 3799 501 3864 Constans
523 3819 582 3864 nec
603 3800 718 3863 debens
743 3799 879 3881 pluribus
902 3817 971 3862 esse
992 3819 1088 3864 suum.

204 4098 237 4149 V.
258 4099 331 4150 1013.
357 4099 430 4151 1021.
455 4101 528 4152 1043.
554 4099 626 4151 1051.
644 4100 708 4164 Arg.
729 4103 806 4164 Quod
823 4103 899 4153 deest
914 4103 941 4152 in
958 4100 1021 4150 Hm.
1056 4101 1087 4150 V.

140 4162 213 4216 1021.
231 4163 295 4228 Arg.
314 4167 436 4218 informis
454 4170 527 4219 Deus
545 4168 601 4228 Lm,
620 4169 693 4218 Deus
711 4168 758 4218 inf.
775 4169 837 4218 Hm.
