2924 4974
617 473 642 549 9

260 673 415 740 Clauditur
436 672 565 740 archivis
586 673 761 752 Remorum,
781 671 906 756 Belgica
925 673 1022 757 prima

342 792 430 856 Hunc
452 790 550 870 dedit,
571 796 602 854 at
622 791 734 874 primas
755 789 926 854 Aurelianis
948 790 1047 854 habet.

259 909 366 973 Utilior
386 909 504 991 magnis
526 908 652 987 Furvus,
674 906 730 971 sed
751 906 829 970 laute
851 905 976 989 Capella

151 1024 225 1088 210.
322 1025 445 1090 Plenior
466 1030 523 1104 est,
544 1025 645 1108 parvis
667 1023 806 1088 sensibus
829 1029 898 1106 apta
919 1024 1025 1106 magis.

259 1143 379 1206 Transit
398 1142 430 1205 in
452 1140 608 1225 amplexus
630 1139 784 1206 Stilboutis
805 1139 984 1222 Philologia,
1104 1141 1302 1257 ffwzlfflffi·

341 1257 468 1339 llooque
488 1259 540 1342 pio
560 1258 627 1321 lieri
647 1262 752 1320 nostra
774 1254 898 1338 Capella
919 1254 1019 1320 docet.

257 1373 425 1440 lllerourius
446 1374 541 1453 verbi,
562 1374 687 1438 rationis
709 1371 880 1454 Philologia

340 1490 396 1556 Est
415 1498 497 1570 nota,
519 1507 599 1572 quae
616 1490 705 1574 jungi
726 1488 922 1574 Philosophia
939 1489 1034 1573 jubet

150 1607 225 1671 215.
259 1606 291 1672 Si
314 1605 412 1672 Genio
432 1608 518 1672 verbi
538 1607 664 1671 rationis
686 1612 827 1689 suppetat
847 1623 933 1685 usus,

340 1723 451 1789 Uxoris
473 1724 573 1788 clarus
595 1723 667 1787 dote
688 1724 811 1787 maritus
833 1723 903 1786 erit:

254 1839 296 1903 At
315 1841 373 1904 sibi
394 1841 421 1905 si
442 1841 520 1904 ratio
543 1840 629 1919 desit,
651 1857 749 1922 propa
771 1840 871 1904 nudus
892 1839 1029 1919 habetur,

342 1957 380 2020 Ut
402 1962 492 2038 queat
513 1957 684 2021 obscoenas
705 1957 758 2020 vix
780 1958 902 2040 operire
923 1963 1019 2021 nates.

257 2071 440 2156 Gonjupium
460 2071 542 2151 felix,
564 2091 633 2136 oum
653 2079 780 2138 naturae
799 2074 934 2138 sociatur

150 2187 224 2252 220.
339 2189 451 2266 Virtus,
473 2191 522 2254 oui
542 2189 689 2255 thalamus
710 2207 796 2254 mens
817 2189 962 2272 sapientis
984 2189 1049 2252 erit.

256 2304 326 2368 Non
342 2304 422 2369 valet
436 2305 492 2370 las
506 2305 587 2370 Juno
605 2307 806 2389 conjungere,
820 2324 883 2370 non
899 2305 1300 2389 Hymenaeuspeeooconua-

340 2422 481 2486 Pronuba
500 2423 642 2486 nauum
664 2424 761 2505 gratia
781 2422 849 2486 sola
870 2429 980 2506 potest.
1120 2394 1167 2433 '¹³⁰⁰
1179 2395 1276 2434 'mm'

255 2537 320 2601 llae
341 2538 408 2602 sine
428 2514 499 2602 suut
519 2539 639 2602 steriles
659 2539 745 2602 verbi
768 2537 881 2602 Genius
902 2540 1051 2620 ratioque,

338 2653 401 2718 Aut
422 2656 518 2720 oritur
538 2653 653 2719 fruetus
675 2654 902 2738 degeneratque
924 2655 1029 2718 malus.

150 2769 224 2833 225.
258 2769 321 2834 llao
341 2771 408 2834 sina
430 2777 555 2835 naturae
575 2771 657 2834 vires
678 2769 868 2849 frustrantur,
890 2772 1008 2853 atejus

339 2885 388 2951 Ad
408 2888 490 2956 bona
511 2893 638 2952 conatus
660 2889 757 2951 omnis
779 2888 877 2952 inanis
899 2889 965 2952 erit.

255 3003 304 3066 Ad
325 3003 403 3067 mala
423 3021 555 3086 namque
576 3021 680 3068 sumus
702 3003 818 3083 saoiles,
841 3005 963 3087 aptique
984 3005 1100 3087 perire:

341 3117 442 3184 Gratia
463 3121 490 3184 si
511 3119 598 3200 desit,
620 3127 667 3184 est
688 3137 766 3203 opus
788 3137 879 3184 omne
899 3119 1018 3182 malum.

257 3233 359 3300 Gratia
381 3237 408 3301 si
429 3234 518 3315 desit,
538 3254 624 3301 maus
647 3243 699 3301 aut
718 3253 825 3300 manus
848 3235 988 3300 officiosa

150 3351 223 3416 230.
339 3351 409 3416 Non
424 3353 495 3431 erit3
511 3353 589 3416 haee
603 3353 901 3436 mentempraevenit
911 3358 1001 3434 atque
1011 3352 1101 3434 regit,

244 3467 707 3552 llaeomovetaffeotus,operum
718 3475 1101 3552 quoquepronovetusus‚

338 3585 486 3668 Linguam
507 3585 648 3665 custodit,
670 3603 730 3650 neo
750 3585 821 3648 sinit
841 3603 912 3649 esse
932 3604 1030 3664 ream3

253 3699 349 3780 Erigit
370 3699 520 3782 allectum,
540 3704 689 3766 rationem
711 3701 823 3784 dirigit,
846 3707 931 3766 aetus

339 3815 512 3901 Componit,
533 3824 651 3883 reserat
672 3818 780 3896 abdita,
802 3837 877 3882 vora
897 3818 997 3882 docet.

149 3931 221 3996 235.
257 3933 342 4008 Quos
364 3933 456 4013 louet,
478 3934 536 3997 hos
557 3941 662 4017 gratos
683 3941 819 3999 streete
839 3934 1049 4020 philosophari

336 4049 374 4112 Et
394 4049 466 4113 laoit
488 4057 590 4135 optata
610 4054 812 4135 prosperitate
834 4053 900 4116 inii.

216 4231 250 4283 V.
267 4230 326 4284 229.
345 4239 390 4286 aut
406 4235 428 4285 Ι,
445 4240 471 4286 et
487 4236 521 4286 Η.
541 4240 581 4287 ost
598 4237 645 4288 Lm
664 4235 819 4303 (eorrectio).
