2924 4974
822 485 873 566 ts

497 683 566 750 lton
587 685 692 750 nocuit
711 687 794 772 vulpi
814 687 952 753 bsudem
972 687 1084 752 iecisse
1104 689 1210 753 volenti

581 799 658 867 Cum
677 811 801 888 pestere
821 821 910 870 suum
930 805 1111 889 participare
1131 806 1246 870 tucmm.
1290 801 1293 808 '

495 919 566 984 Vox
585 927 652 984 erut
671 921 773 986 uuditu
794 921 926 986 convicti
947 919 1039 1006 dignu
1058 923 1193 986 latronis:

580 1035 694 1102 Dicens
715 1037 754 1102 de
773 1039 859 1122 regis
878 1037 1004 1102 utilitate
1023 1039 1141 1121 loquar.

375 1151 463 1218 1325.
496 1152 571 1218 Num
592 1153 650 1235 iur,
666 1160 839 1219 consortem
854 1156 905 1237 qui
920 1171 1027 1239 regem
1044 1154 1126 1220 ducit
1137 1153 1299 1231 bubonion,

578 1269 648 1336 Nou
668 1271 748 1356 perit
767 1278 798 1336 ct
813 1273 915 1356 justos
934 1289 1030 1357 saepe
1049 1271 1151 1355 perire
1170 1271 1244 1336 iecit.

495 1387 558 1454 Sed
569 1405 661 1453 cruce
671 1387 783 1472 dignus
792 1385 1301 1471 bicestquiiurtosolusinbecrens

577 1503 647 1570 Non
668 1511 754 1570 curet
773 1507 878 1571 socius
894 1503 1007 1590 judicis
1028 1521 1099 1570 esse
1119 1505 1176 1570 sui.

495 1620 676 1688 Criminibus
693 1621 790 1707 judex
809 1623 909 1706 pretio
930 1623 1064 1686 societur
1083 1637 1190 1686 usurus

373 1736 461 1804 1330.
576 1737 775 1822 Absolvitquc
794 1755 867 1803 reos
886 1739 1113 1820 immeritosque
1134 1743 1227 1801 necet.

330 1883 352 1914 u·
495 1855 579 1922 lloec
597 1856 649 1922 illo
671 1861 793 1920 manant
813 1853 853 1920 de
868 1855 947 1939 juris
967 1854 1062 1934 tonte,
1082 1853 1166 1936 quod
1186 1853 1251 1916 olim

578 1973 712 2038 'ibadidit
731 1971 889 2052 libemus,
911 1971 1104 2053 officiumque
1124 1988 1217 2034 suum.

211 2087 219 2122 ⁸
247 2088 267 2194 ξι
304 2091 323 2126 ⁸⁰
340 2091 370 2126 ¹¹·
496 2089 635 2156 Officium
655 2089 723 2173 regi
744 2089 902 2155 conforme
922 2085 988 2167 luit,
1009 2087 1080 2170 quio
1100 2087 1225 2150 mentem

573 2205 717 2271 Auctoris
737 2205 875 2289 semitm
894 2203 1056 2287 ingeniose
1076 2219 1190 2265 munus.

369 2321 459 2388 1335.
490 2323 569 2389 lulio
589 2323 641 2386 lex
661 2321 713 2386 iilo
735 2319 875 2386 dormivit
894 2338 972 2404 rege
993 2319 1121 2403 sepulte,

574 2437 696 2506 Crimen
718 2437 855 2504 adulterii
875 2438 917 2501 nil
938 2437 997 2500 nisi
1017 2435 1106 2499 ludus
1128 2440 1200 2498 erat

490 2555 582 2623 silua
603 2551 767 2632 Quartillae
789 2554 890 2633 cessit,
911 2552 1063 2618 Lauroniu
1083 2551 1201 2628 Florae,

572 2669 716 2756 Sybuque
738 2671 808 2736 dum
828 2671 935 2754 viguit,
956 2667 1037 2732 nulle
1059 2667 1170 2734 Sabinu
1189 2667 1250 2730 init

488 2787 545 2854 llic
565 2785 656 2854 metui
678 2787 826 2872 gaudens,
849 2786 1068 2869 dedignabatur
1088 2783 1190 2862 eman,

366 2905 455 2971 1eoo.
570 2905 696 2970 Vicinos
717 2899 863 2986 subigens
884 2921 1020 2982 munere,
1041 2899 1158 2979 froude,
1179 2899 1265 2963 dolis.

164 3041 193 3081 m
210 3052 256 3092 nee
273 3045 363 3093 otnant·
489 3021 542 3087 illa
562 3028 758 3106 tyrannorum
778 3037 840 3104 pax
860 3025 916 3099 est,
936 3025 970 3083 ut
990 3015 1080 3082 nemo
1100 3017 1254 3095 reclamet,

572 3137 725 3220 Quidquid
747 3143 847 3220 egunt,
872 3136 992 3220 possint
1012 3134 1123 3214 omniu,
1141 3135 1210 3217 jum
1230 3131 1307 3196 nibil.
1431 3139 1432 3220 t

487 3255 561 3322 Jura
581 3260 700 3334 vocant,
720 3269 824 3318 socrus
845 3253 933 3336 leges
955 3251 1061 3317 evertit
1082 3249 1203 3329 ebusus,

571 3371 656 3436 Velie
676 3387 765 3436 suum
785 3371 918 3436 statuunt
933 3369 1011 3454 Juris
1033 3368 1148 3431 hebere
1167 3366 1276 3430 locum.
1431 3409 1432 3412 ,

364 3485 453 3552 1345.
486 3487 550 3552 'isti
567 3486 681 3572 justitia
700 3487 861 3571 perhibent
880 3487 1016 3569 viguisse
1036 3486 1167 3564 leonem,

569 3605 778 3689 Praepositum
798 3603 923 3686 reliquis
944 3603 1047 3668 dicere
1064 3599 1239 3686 juratoris.

485 3721 621 3786 Libertus
643 3722 721 3786 baec
741 3727 788 3785 est
808 3721 913 3804 populi
935 3717 1109 3784 dominante
1130 3725 1268 3802 tyranno,
1431 3691 1432 3748 ff

569 3838 616 3918 Ut,
639 3836 722 3921 quod
743 3838 939 3921 praecipitur,
960 3836 1085 3919 quilibet
1106 3841 1190 3918 optet
1210 3834 1297 3898 idem.
1431 3809 1432 3876 l

486 3955 545 4031 Qui
566 3955 653 4018 nimis
675 3960 759 4038 optat
780 3971 857 4039 opes
879 3961 930 4018 eut
950 3947 1060 4016 cultum
1081 3953 1165 4035 regis
1185 3952 1287 4034 iniquit,
1431 3927 1432 3936 ἵ

363 4069 451 4136 1350.
566 4072 717 4136 insectus
733 4072 908 4150 omnemit,
929 4069 1095 4153 protrusud
1107 4069 1306 4144 omneneics3
1431 4145 1432 4148 Ἴ

424 4217 459 4268 V.
478 4215 552 4268 1331.
568 4217 632 4280 Arg.
662 4219 739 4282 Quod
760 4219 835 4269 deest
856 4217 884 4268 iu
900 4217 953 4268 Hm
971 4243 1004 4254 -
1022 4223 1046 4270 ct
1066 4222 1125 4270 unte
1148 4218 1215 4282 orio.
1237 4213 1306 4268 oddit
1431 4235 1432 4264 t

359 4281 407 4335 Lm
424 4309 456 4320 -
475 4285 547 4336 dedit
564 4290 589 4338 et
606 4288 675 4336 auct.
692 4283 749 4345 Lm,
768 4289 794 4336 et
810 4288 879 4336 suot.
898 4284 971 4336 dedit
986 4285 1048 4338 Hm.
1431 4281 1432 4320 ἶ
