2924 4974
180 650 227 709 est
249 645 497 726 occupationibus
520 645 733 726 adscribenda,
762 650 869 730 quibus
898 649 928 709 in
956 647 1105 708 55515515
1128 646 1279 708 detractus

182 748 220 823 [l.
244 746 422 824 distractus]
445 768 522 828 sum,
544 756 577 812 51
597 752 648 813 vix
670 752 781 834 aliquid
802 749 1131 831 scriberequandoque
1152 749 1278 834 licuerit.

179 851 524 916 Dumtamen'lolosam
546 855 676 936 cingitis,
698 857 753 918 ista
776 872 943 938 aggressus
965 873 1031 916 sum
1053 860 1083 915 et
1104 873 1152 916 me
1175 855 1277 916 curia-

179 954 256 1017 libus
278 958 369 1037 nugis
391 956 545 1038 paulisper
567 956 674 1036 ademi,
696 959 767 1022 illud
789 958 1079 1034 voluensinanimo,
1101 959 1171 1038 quia
1188 958 1279 1018 otium

179 1059 246 1120 sine
268 1058 372 1122 litteris
394 1077 476 1122 mors
504 1067 551 1122 est
578 1068 607 1124 et
634 1063 693 1124 vivi
720 1061 849 1124 hominis
871 1061 1054 1143 5555115551ι
1075 1059 1138 1126 Sex
1158 1062 1279 1142 priores
1407 1145 1410 1152 Ι

180 1163 274 1225 libros
296 1163 424 1226 Londini
447 1166 477 1226 in
500 1165 654 1228 curialium
678 1167 745 1229 aula
765 1167 814 1229 vel
833 1165 1013 1230 Cantuam'ae
1034 1182 1105 1227 esse
1127 1169 1278 1239 exaratos,

178 1269 268 1330 etiam
290 1287 308 1331 e
330 1267 396 1330 libri
418 1269 536 1350 septimi
558 1270 690 1350 prologo
713 1269 889 1352 collegerim
910 1275 1085 1350 comparato
1118 1286 1187 1332 cum
1212 1266 1279 1330 libri

178 1372 256 1434 sexti
279 1374 377 1454 capite
399 1371 517 1434 decimo
540 1379 665 1450 octauo,
687 1374 737 1436 ubi
759 1373 881 1436 llenriei
903 1372 1029 1436 secundi
1052 1389 1102 1434 res
1124 1377 1227 1452 gestas
1250 1376 1280 1434 et

178 1493 281 1537 mores
313 1475 414 1537 refert.
470 1475 502 1537 ln
535 1475 616 1538 ltalia
648 1494 722 1540 vero
755 1477 859 1540 saltem
887 1477 1074 1558 posteriores
1102 1474 1180 1538 duos
1208 1492 1279 1538 esse

179 1580 366 1660 compositos
394 1585 548 1660 totumque
577 1597 654 1662 opus
682 1580 851 1644 absolutum
877 1581 1014 1644 videmus
1041 1596 1104 1644 non
1131 1579 1183 1642 din
1210 1585 1279 1642 ante

177 1689 305 1744 raonem
327 1682 466 1761 Adriani,
501 1684 552 1764 qui
576 1681 715 1747 Calendis
733 1683 901 1765 septembr.
924 1687 993 1748 amn
1018 1683 1097 1747 1159
1119 1683 1198 1747 diem
1220 1701 1277 1746 su-

178 1805 315 1868 premum
344 1787 430 1865 obiit,
459 1805 638 1868 quamquam
665 1788 785 1870 priores
812 1789 901 1850 etiam
928 1788 1020 1851 libros
1048 1789 1088 1850 ibi
1109 1788 1278 1852 recensitos

178 1898 209 1952 et
230 1890 386 1972 suppletas
409 1907 489 1967 esse,
510 1890 560 1952 illa
584 1889 621 1952 de
643 1889 777 1955 Adriano
800 1892 932 1955 namatio
955 1890 1045 1954 docet
1065 1890 1114 1957 tib,
1137 1889 1185 1954 Vl.
1209 1908 1276 1972 cap.

178 1993 221 2055 24
244 1993 384 2056 exhibita.
433 1993 608 2057 Merebatur
627 1993 784 2057 lohannes
804 1993 920 2058 Romae
942 1994 1031 2056 etiam
1062 1999 1279 2075 postmortem

177 2097 318 2175 Adriani,
346 2115 413 2160 eum
436 2113 518 2161 nouo
540 2097 673 2179 pontifici
696 2097 830 2162 creando
853 2098 974 2160 comitia
995 2097 1198 2174 habebantur,
1238 2097 1276 2159 de

150 2195 153 2202 ’
178 2201 287 2281 quibus
309 2201 410 2263 retulit
430 2200 524 2282 Epist.
547 2201 596 2264 59.
640 2202 691 2278 (15
712 2201 830 2264 llaxim.
853 2201 927 2264 ttibt
950 2201 1068 2264 Petrum
1088 2200 1156 2264 Vol.
1169 2201 1275 2263 XXlll.

177 2323 207 2386 p.
231 2303 320 2380 lat).
366 2303 511 2368 creantes
534 2323 603 2368 cum
624 2307 654 2368 in
676 2295 813 2369 diuersas
835 2313 936 2387 partes
959 2303 1165 2382 discederent,
1195 2305 1277 2368 alteri

177 2407 345 2484 Victorem,
375 2408 459 2470 alteri
485 2407 693 2472 Alexandrum
719 2409 899 2490 elegissent,
927 2407 1083 2472 lohannes
1106 2409 1277 2490 apartibus

176 2510 341 2574 Alexandri
363 2512 476 2589 stabat,
498 2529 589 2592 aquo
607 2512 725 2593 legatus
737 2512 768 2573 in
779 2511 921 2592 Angliam
932 2512 1043 2574 missus
1055 2517 1111 2590 est,
1134 2517 1199 2594 (ep.
1214 2512 1277 2586 42)

48 2641 53 2650 ·
177 2615 228 2678 ubi
251 2633 373 2678 causam
395 2617 462 2698 ejus
485 2621 598 2698 ageret.
644 2613 705 2678 Sed
726 2615 903 2696 priusquam
924 2614 1038 2677 Romae
1050 2633 1100 2677 res
1111 2615 1172 2678 boo
1183 2615 1274 2677 modo

176 2720 437 2800 perturbarentur,
470 2719 627 2782 lohannes
655 2718 863 2782 Polioratiemn
896 2717 934 2782 ad
963 2719 1082 2782 Petrum
1106 2717 1275 2781 Cellensem

177 2824 304 2886 amicum
336 2823 459 2886 miserat
490 2840 559 2884 cum
591 2822 733 2904 epistola,
766 2840 845 2904 quae
867 2824 915 2899 (in
938 2822 1120 2886 collectione
1143 2830 1275 2905 octoge-

175 2929 252 2989 sima
283 2928 401 3010 prima)
433 2933 492 2989 tam
528 2927 614 2990 hilari
652 2927 751 2989 animo
784 2928 897 3008 scripta
935 2933 996 3004 est,
1040 2933 1073 2993 ut
1104 2945 1171 2994 eam
1204 2934 1272 2990 ante

176 3032 279 3094 turbas
301 3032 366 3094 illas
389 3031 509 3094 missam
532 3047 743 3112 agnoscamus.
786 3030 1275 3112 Editumesselibrumantequam

176 3137 260 3216 regis
292 3137 455 3198 excitasset
480 3135 569 3212 iram,
602 3133 708 3198 eadem
741 3135 817 3198 haec
848 3135 904 3218 Ep.
932 3135 969 3198 91
1006 3135 1110 3211 docet3
1142 3136 1173 3197 in
1195 3135 1276 3198 ltalia

176 3257 299 3320 quoque
326 3239 435 3302 lectum
461 3255 620 3302 essenon
652 3238 744 3302 multo
771 3244 855 3320 post,
889 3239 1020 3303 ostendit
1040 3238 1175 3321 Epistola
1196 3239 1275 3302 Petri

175 3343 329 3406 Blesensis
351 3341 392 3404 22
414 3342 533 3406 irrblax.
556 3342 629 3406 Bibl.
653 3343 772 3406 Patrurn
797 3341 864 3404 Vol.
873 3342 977 3406 xxiv.
1000 3341 1114 3424 pesa,
1135 3343 1275 3406 lohanne

176 3448 317 3510 exulante
338 3447 459 3529 scripta.

258 3549 324 3614 lam
347 3551 444 3625 nobis,
456 3557 620 3613 occurrunt
639 3548 764 3628 litterae,
787 3551 896 3632 quibus
911 3550 1076 3615 Alexandri
1093 3553 1131 3616 lll
1153 3571 1275 3616 eausam

176 3653 320 3733 defendit,
353 3654 445 3730 aliae,
478 3654 647 3734 quibusda
678 3655 770 3717 rebus
802 3655 869 3737 ejus
898 3656 1073 3718 auctoritate
1100 3659 1195 3738 gestis
1218 3659 1274 3740 ipsi

173 3757 282 3836 refert,
310 3758 385 3822 aliae
412 3757 558 3838 denique,
591 3759 700 3838 quibus
731 3776 766 3821 se
793 3756 933 3822 mandato
965 3760 1031 3840 ejus
1059 3761 1284 3842 persequendo.

117 3889 125 3922 .·
174 3865 249 3925 iram
271 3862 354 3943 regis
377 3861 548 3924 concitasse
570 3863 712 3942 queritur.
736 3863 854 3924 Famam
876 3862 965 3924 huius
987 3865 1050 3925 irae
1066 3866 1273 3946 primasnun-

174 3967 228 4028 tiat
259 3965 364 4028 Petrus
397 3963 545 4028 Cellensis
576 3965 653 4047 Epp.
681 3965 731 4028 lib.
754 3966 802 4028 tv.
836 3985 883 4047 ep.
908 3966 935 4027 d.
970 3965 1074 4041 (llax.
1096 3968 1170 4032 Bibl.
1195 3971 1272 4033 Patr.

175 4070 280 4133 ΧΧ111.
302 4089 332 4152 p.
355 4068 456 4149 858);
489 4069 631 4152 ,Summi
663 4070 782 4151 quidam
809 4071 872 4133 uiri.
888 4071 1006 4134 cuidam
1029 4070 1067 4133 de
1090 4074 1189 4149 curia,
1223 4076 1273 4154 qui

176 4173 256 4256 apud
278 4191 335 4236 nos
358 4179 413 4251 est,
436 4175 676 4251 insusurrerunt,
698 4179 728 4236 te
752 4173 789 4236 de
812 4175 894 4236 curia
917 4174 1029 4238 dixisse
1052 4175 1198 4254 quaedam
1221 4178 1271 4238 in-
