2912 4976
693 479 742 554 95

160 684 282 751 (Polior.
305 685 380 757 Vlll,
404 679 458 757 2),
480 685 549 742 liber
571 685 610 740 lie
631 684 737 757 Nuptiis
759 701 793 740 ex
817 685 985 754 iheronymo
1008 681 1124 738 innotuit
1146 681 1264 748 (Polior.

161 789 236 860 lllll,
266 781 301 844 11
325 795 354 846 et
374 789 469 846 l’etrus
490 790 560 847 illes.
581 789 631 862 llp.
653 784 702 846 79.
729 790 790 846 llax
812 789 878 846 Bihl.
904 788 975 844 l'atr.
1002 787 1106 860 xxiv,
1133 803 1160 860 p.
1181 781 1266 854 998).

161 893 241 960 Quos
263 892 400 950 Plutarchi
421 893 507 952 libros
530 893 670 964 hahuerit,
692 892 846 950 accuratius
868 891 1021 965 inquirere,
1048 891 1158 948 dillloile
1179 907 1267 964 neque

160 997 392 1070 operaepretium
406 997 523 1068 uidetur,
544 997 640 1054 dubito
658 1013 737 1068 vero,
759 1013 792 1053 an
815 997 884 1054 lllrer
899 997 938 1051 lte
954 995 1062 1052 Placllis
1078 995 1267 1069 philosopho·

160 1115 222 1156 rum
243 1100 271 1154 in
293 1099 350 1156 eiua
372 1099 493 1156 manibus
515 1099 604 1156 luerit.
649 1100 759 1156 Praetor
786 1101 839 1157 alia
866 1099 997 1168 quaeda·
1024 1099 1126 1172 scripta
1148 1099 1266 1155 moralia

161 1203 258 1259 tabuit
278 1203 345 1260 illud
366 1202 520 1260 subditiium
531 1203 787 1276 Arotigrammnton
809 1221 830 1260 s.
853 1203 887 1259 ad
904 1203 1045 1274 trajanum
1068 1201 1212 1275 epistolam
1222 1203 1263 1258 Ite

159 1305 333 1362 Institutione
355 1307 448 1378 regia,
470 1321 540 1380 quaa
560 1307 588 1362 in
609 1307 764 1364 Polioratici
786 1307 832 1364 lit.
853 1306 888 1378 V,
910 1306 948 1362 Vl
969 1311 1022 1362 ete.
1050 1305 1159 1380 saepius
1182 1305 1268 1363 sder-

163 1415 219 1466 tur.
267 1408 354 1465 Etiam
379 1410 509 1466 Antonini
532 1409 749 1468 Commentarios
776 1411 890 1478 (Polior.
912 1409 984 1483 viti,
1013 1402 1062 1481 19,
1088 1426 1115 1482 p.
1138 1403 1213 1475 557)
1240 1415 1269 1466 et

165 1513 289 1570 Philonis
311 1513 415 1586 nfiqnot
435 1514 521 1570 libros
543 1512 651 1571 videtur
672 1514 808 1585 habuisse,
835 1529 996 1588 quamquam
1018 1529 1113 1570 rursus
1134 1513 1161 1569 in
1182 1511 1267 1570 dulnio

160 1616 383 1690 relinquendum,
405 1617 470 1689 quid
491 1617 606 1688 Graece,
628 1617 693 1690 qnid
714 1617 805 1675 Latine
826 1617 936 1689 legerit.

246 1720 373 1778 Ceterum
382 1720 576 1793 Philosophiae
587 1720 707 1777 Graecae
728 1737 807 1794 quana
828 1721 924 1778 hebuit
939 1722 1089 1794 scientiam,
1117 1737 1152 1778 ex
1173 1720 1268 1776 iisdem

159 1825 306 1880 maximam
327 1824 363 1879 ad
383 1829 487 1897 partem
515 1823 699 1897 scriptoribus
721 1824 895 1896 compilavit,
921 1841 956 1880 ex
980 1825 1077 1897 quihus
1103 1841 1154 1882 nos
1176 1825 1269 1895 hodie,

161 1929 325 1984 Ciceronem
347 1926 422 1998 dioc,
443 1927 586 1998 Senecam,
608 1927 732 1998 Gellium,
754 1927 936 2000 llacrolriurn,
958 1928 1111 2001 Apuleium,
1132 1927 1269 1998 Augusti·

161 2048 237 2100 uum,
259 2031 338 2086 alios.
369 2029 501 2100 Diogenis
516 2029 614 2086 Laertii
630 2029 773 2101 vestigium
796 2046 852 2086 non
874 2030 981 2103 reperi,
1007 2031 1057 2087 sed
1078 2047 1139 2086 curn
1165 2030 1192 2086 in
1213 2030 1269 2087 Jo-

158 2134 257 2192 lraunis
268 2133 378 2206 scriptis
388 2139 504 2205 exstent,
516 2150 585 2205 quae
596 2150 683 2206 neque
693 2135 766 2206 apud
777 2136 848 2190 lrune
859 2151 945 2206 neque
952 2135 1023 2206 apud
1034 2133 1115 2191 ullum
1127 2134 1207 2190 alium
1217 2151 1270 2191 au-

158 2246 279 2309 ctorem,
301 2236 347 2309 qui
367 2237 474 2309 quidem
490 2237 569 2294 nohis
586 2245 710 2294 servatus
732 2245 784 2309 est,
806 2240 943 2310 legantur,
965 2237 1052 2294 libros
1069 2237 1094 2294 ei
1111 2237 1146 2294 nd
1164 2253 1269 2295 manum

160 2343 247 2397 luisse
273 2341 398 2412 sequitur
425 2341 505 2396 nobis
531 2340 700 2412 deperditos.
748 2342 840 2413 Neque
865 2341 936 2413 lugit
958 2340 1130 2397 Thorlacium
1151 2341 1269 2398 iohanni

161 2447 253 2501 111111
280 2459 342 2498 esse
368 2441 510 2498 Ciceronis
537 2442 572 2498 de
597 2442 760 2514 Republica,
793 2431 961 2517 aliorumque
993 2443 1096 2516 libros,
1128 2460 1144 2499 e
1172 2444 1270 2516 quibos

160 2550 216 2604 111
249 2563 316 2619 prae
347 2547 447 2602 ceteris
480 2545 599 2618 pertinet
629 2545 764 2602 Floriani
795 2547 833 2602 de
869 2547 1008 2618 Vests'ps'is
1037 2546 1271 2620 philosophorum

161 2668 245 2722 opus,
267 2649 341 2721 quod
363 2648 415 2704 etsi
436 2650 520 2704 semel
541 2654 643 2704 tantum
664 2649 766 2704 diserte
787 2648 918 2720 nominat,
945 2649 1053 2721 saepius
1081 2657 1169 2706 tamen
1191 2650 1270 2707 arbi-

163 2759 227 2809 tror
246 2769 309 2808 esse
331 2751 488 2822 adhibitum,
511 2751 574 2822 quia
595 2751 680 2823 ipsius
702 2750 857 2808 Policratiei
878 2769 901 2806 s.
918 2753 959 2806 lte
974 2751 1058 2822 Nagia
1076 2751 1223 2808 Curiatium
1244 2759 1272 2808 et

162 2856 296 2928 Vestigils
316 2856 552 2926 ,Philosophorum
585 2855 678 2927 operis
710 2855 822 2910 alteram
855 2854 1039 2927 inscriptionis
1072 2863 1175 2927 partem
1207 2857 1271 2911 iude

166 2962 275 3018 uidetur
293 2959 420 3016 traxisse·
452 2959 536 3014 liuius
558 2957 622 3014 liltri
643 2958 756 3013 alterum
778 2957 910 3028 indagare
937 2973 992 3014 uon
1014 2957 1095 3029 potui
1116 2958 1271 3030 vestigium,

163 3065 224 3120 aliis
247 3067 318 3118 enirn
340 3062 409 3118 locis
442 3062 557 3128 (Policr.
581 3061 652 3132 Vlll,
684 3077 709 3116 c.
739 3054 786 3131 11,
816 3055 867 3126 12)
900 3067 1056 3131 auctorem,
1090 3078 1145 3117 non
1170 3062 1270 3118 librum

163 3169 277 3237 allegat,
298 3166 457 3222 Waltlrerus
485 3169 573 3220 autem
594 3164 694 3233 Burley
719 3163 764 3220 De
791 3164 856 3220 Vita
883 3172 911 3219 et
932 3163 1060 3220 dionides
1080 3164 1270 3237 Philosopho-

161 3287 227 3325 rum
249 3269 277 3323 in
292 3267 357 3323 Vita
377 3266 498 3324 Platonis
519 3266 600 3322 aliert
619 3265 682 3320 libri
703 3265 897 3337 testimonium,
918 3267 968 3323 sed
988 3267 1025 3323 111
1048 3267 1100 3322 nisi
1120 3266 1195 3322 illum
1216 3267 1271 3325 Jo-

162 3371 260 3430 hannis
282 3371 371 3428 nostri
391 3371 482 3426 locum
504 3368 658 3442 exscripsit.
693 3367 829 3440 Coujicias
851 3371 885 3425 de
904 3377 1026 3426 ueterum
1042 3371 1271 3443 philosophorum

163 3475 287 3532 moribus
314 3489 383 3544 quae
405 3473 452 3529 W.
474 3471 575 3542 Burloy
598 3472 709 3528 tradidit
730 3472 830 3528 ceteris
857 3474 962 3545 ignota,
984 3491 1018 3529 ex
1040 3475 1095 3530 lunc
1116 3475 1188 3530 libro
1210 3491 1272 3531 esse

162 3580 346 3650 deprompta,
367 3576 416 3632 scd
437 3593 498 3632 cum
520 3575 674 3632 Flavianum
696 3591 751 3631 uon
773 3576 884 3649 alterat,
914 3577 964 3634 nisi
986 3579 1050 3636 loco
1078 3594 1113 3634 ex
1138 3578 1273 3638 iohannis

162 3681 241 3740 libris
265 3678 424 3751 descripto,
452 3677 545 3750 potius
571 3677 751 3748 credendum,
777 3679 887 3736 Bnrleio
915 3696 970 3737 uon
996 3680 1083 3754 ipsum
1104 3682 1271 3754 Flavianum,

162 3785 213 3842 sed
233 3783 322 3840 libros
344 3798 378 3838 ex
400 3798 436 3838 eo
457 3781 621 3854 compilatos
643 3782 677 3837 ad
699 3799 805 3838 manum
823 3783 917 3854 inissa,
939 3784 989 3839 nisi
1005 3785 1271 3842 mavisSclrneidero

163 3886 327 3960 adstipulari
359 3885 400 3950 (in
426 3885 455 3940 F.
484 3884 518 3941 Α.
544 3883 639 3942 Wollli
664 3885 745 3942 Anal.
777 3885 829 3942 litt.
857 3887 907 3957 ill,
941 3905 968 3959 p.
996 3883 1072 3954 227)
1105 3889 1271 3961 conjicienti,

162 3989 293 4048 hahuisse
310 3987 446 4044 Burleium
457 3987 588 4058 Diogenis
611 3989 763 4059 exemplum
784 3989 884 4046 1111111
905 3989 992 4044 minus
1013 3991 1172 4048 laceratum.
1206 3992 1272 4060 0111

164 4095 258 4165 merit,
280 4092 389 4165 quando
413 4089 513 4148 uixerit
534 4072 686 4161 Flavianus,
708 4092 877 4162 ignoramus,
899 4093 947 4148 sed
969 4109 1029 4148 oum
1051 4093 1125 4166 apud
1146 4095 1272 4167 antiquos

165 4198 318 4272 scriptores
340 4196 398 4252 eius
420 4194 521 4252 mentio
545 4210 600 4250 non
622 4194 678 4264 dat,
700 4209 760 4250 cum
783 4194 877 4266 quinto
900 4196 993 4252 seculo
1016 4195 1117 4253 vixisse
1135 4199 1272 4272 suspicor,
