2912 4976
619 523 813 640 „uu-

163 729 203 786 Gl.
225 730 303 786 ldart.
325 730 359 802 ll,
384 724 433 802 163
455 730 500 804 lll,
522 725 579 803 293
601 732 648 803 lV,
670 727 718 790 77.
762 732 909 805 Utrumque
931 737 959 788 et
980 730 1128 800 Querulum
1150 735 1177 787 ct
1198 727 1265 786 Zoi-

162 835 217 889 lum
238 834 267 890 in
289 834 421 892 reditibus
442 836 607 909 etexpenais
629 837 741 895 claustri
762 835 979 894 administrandis
1001 839 1162 908 occupatum
1184 831 1267 888 luisse

161 937 368 1009 suspicandum,
396 955 557 1012 quamquam
582 939 683 1012 ultimi,
710 939 756 1012 qui
784 939 818 997 dc
848 939 955 996 utrovis
981 943 1082 1011 agunt,
1103 953 1215 1004 uersus,
1243 934 1265 990 si

162 1041 377 1114 accuratiorem,
399 1059 452 1116 qua
478 1043 615 1116 indigent,
642 1041 896 1118 interpretationem
923 1041 997 1098 nacti
1017 1039 1126 1111 luerint,
1149 1055 1266 1094 accura-

161 1143 260 1200 tiorem
281 1144 399 1202 fortasse
420 1146 590 1218 praebebunt
611 1147 743 1204 notitiam.

246 1248 299 1316 Qui
325 1257 475 1322 sequnntur
495 1250 584 1322 Muto,
611 1250 790 1326 Euphorbus,
816 1251 951 1321 Baccara,
979 1250 1085 1320 Davus,
1115 1245 1267 1318 Sergiolus,

161 1351 298 1408 l'bcraites
320 1353 453 1424 jamnon
475 1354 510 1411 ad
537 1355 698 1426 claustrum,
728 1355 777 1412 sed
798 1353 833 1411 ad
854 1353 921 1411 alica
943 1357 1034 1426 parles
1056 1352 1135 1407 aulae
1156 1349 1267 1405 archie-

160 1454 310 1529 piscopalis
336 1463 363 1512 et
383 1455 567 1514 institutorum
594 1475 737 1515 sacrorum
758 1457 885 1514 videntur
905 1456 1053 1531 pertinere.
1087 1453 1266 1512 Difficillimus

162 1563 205 1614 est
224 1558 320 1632 locus,
342 1559 389 1632 qui
414 1560 447 1616 de
467 1561 576 1618 llatone
598 1561 664 1634 agit.
707 1560 744 1618 Ut
769 1578 786 1618 a
818 1559 926 1618 nomine
951 1557 1093 1632 incipiam,
1121 1557 1195 1613 llato
1223 1556 1268 1612 vel

162 1662 254 1718 ldatho
277 1663 449 1721 oxJuveuali
464 1665 486 1736 l,
509 1657 564 1736 333
586 1666 645 1737 Vll,
670 1659 739 1738 129,
762 1671 789 1723 et
799 1663 914 1722 llcrticli
926 1663 974 1736 Ν,
995 1655 1035 1719 80
1048 1655 1137 1732 etssl,
1159 1659 1268 1718 aliunde

163 1765 228 1822 satis
255 1773 337 1823 notus
363 1774 406 1824 cst
431 1769 599 1842 causidicus,
632 1769 677 1842 qui
699 1787 770 1826 nuno
797 1768 998 1841 magnificentia
1024 1766 1140 1840 quadam
1168 1765 1267 1820 oculos

163 1869 299 1926 bominum
337 1870 364 1926 in
401 1887 432 1928 se
457 1879 621 1930 convertere
658 1874 763 1944 studet,
797 1889 868 1930 nunc
899 1871 1084 1928 vehementius
1124 1869 1268 1938 declamat,

163 1989 234 2029 nuno
257 1974 432 2046 impudicitia,
455 1993 527 2032 nnnc
549 1983 724 2049 paupertate,
752 1993 823 2034 nunc
844 1977 963 2033 vanitate
985 1974 1107 2046 insignis.
1151 1972 1268 2029 lllatouis

163 2077 272 2134 nornine
293 2077 337 2134 bic
359 2094 469 2152 qnoque
486 2081 709 2152 jurisconsultum
733 2082 834 2152 latere,
856 2097 911 2137 non
938 2086 980 2136 cst
1005 2079 1080 2151 quod
1106 2077 1267 2134 dubitemus.

164 2181 219 2238 Sed
245 2181 293 2252 qni
324 2188 387 2238 sunt
418 2183 581 2242 auditores?
614 2183 661 2258 qui
693 2183 829 2241 clientes?
862 2183 927 2256 qnid
954 2182 990 2239 ad
1010 2179 1167 2238 blatonem?
1199 2195 1268 2253 quae

164 2285 281 2358 donique
308 2285 426 2343 donnus?
453 2287 631 2345 Dillioillimns
656 2289 795 2345 intellecto
822 2287 924 2360 primus
946 2288 1000 2358 jam
1028 2301 1141 2354 uersus,
1169 2300 1186 2339 e
1212 2298 1267 2356 quo

166 2396 257 2445 cetera
284 2389 410 2462 pendent.
455 2391 508 2459 Qui
535 2399 598 2448 sunt
623 2390 737 2448 iamuli‘l
765 2407 834 2464 qnae
862 2389 946 2446 aula?
973 2389 1037 2462 qnid
1059 2395 1100 2446 est
1121 2387 1269 2446 cessisse?

165 2507 240 2548 mens
262 2490 308 2548 illa
329 2494 409 2564 plena
431 2493 503 2550 dolis
525 2500 552 2549 et
573 2495 642 2550 mala
665 2495 772 2566 lingua,
799 2501 877 2550 estne
898 2493 1013 2550 llatonis
1035 2509 1069 2550 an
1091 2489 1269 2550 auditornm'l
1389 2485 1390 2490 ’

165 2612 217 2668 qua
239 2595 348 2652 ratione
369 2595 509 2653 auditores
535 2596 673 2668 pertineat
693 2589 730 2654 'ad
750 2593 911 2653 Matonem?
953 2595 1005 2652 Ubi
1027 2601 1103 2653 certa
1125 2595 1191 2651 dare
1213 2609 1268 2650 non

165 2716 318 2772 possumus,
351 2699 386 2755 ad
407 2701 593 2771 conjecturam
621 2701 718 2772 ingere
738 2702 829 2758 liceat.
871 2701 968 2757 Aulam
996 2715 1057 2756 esso
1084 2716 1138 2756 non
1165 2700 1268 2770 regiam

167 2803 307 2876 suspicor,
329 2803 378 2858 sed
399 2803 676 2876 archiepiscopalem
700 2804 772 2860 civ.
798 2797 887 2861 1726.
918 2803 1021 2860 Famuli
1037 2809 1064 2859 et
1080 2803 1191 2859 clientes
1208 2809 1269 2858 sunt

166 2905 300 2977 homines,
322 2905 433 2979 opinor,
450 2907 587 2963 inferioris
605 2906 718 2976 ordinis,
736 2905 794 2962 sive
811 2923 880 2978 opus
896 2889 1024 2962 rusticum
1040 2905 1152 2978 iaciunt,
1168 2907 1226 2962 sive
1242 2907 1268 2961 in

166 3009 337 3067 monasteriis
353 3010 467 3082 aliisque
481 3010 606 3067 domibus
622 3009 737 3083 publicis
759 3015 787 3066 et
810 3009 923 3081 privatis
939 3026 971 3066 ea
987 3009 1171 3082 suppeditant,
1199 3025 1269 3081 quac

167 3113 202 3168 ad
227 3113 328 3169 victum
355 3115 509 3188 cultumque
536 3115 686 3187 pertinent,
719 3113 765 3184 qui
792 3118 954 3169 accusantur
979 3130 995 3168 a
1028 3113 1268 3169 calumniatoribus

167 3223 196 3271 et
216 3216 431 3273 condemnantur
452 3217 486 3274 ab
509 3217 678 3274 auditoribus
700 3217 717 3274 i.
741 3232 764 3271 e.
788 3214 927 3286 judicibus
954 3214 1059 3271 dolosis
1087 3222 1114 3271 et
1142 3215 1268 3272 credulis.

166 3319 242 3377 llanc
270 3321 455 3392 conjecturam
487 3319 671 3392 suppeditavit
692 3318 760 3374 alius
791 3317 870 3374 locus
901 3317 987 3390 ipsius
1013 3315 1145 3374 iohannis
1172 3320 1269 3389 nostri,

95 3451 98 3455 ·
167 3423 212 3496 qni
244 3422 345 3494 legitur
378 3425 406 3480 in
437 3423 553 3496 epistola
585 3421 620 3477 ad
652 3420 810 3492 magistrum
842 3419 989 3476 Gerardum
1020 3419 1137 3478 Puellam
1180 3423 1269 3488 (llam

165 3526 234 3583 Bibl.
256 3527 326 3582 Patr.
347 3525 454 3598 XXllI,
482 3542 526 3598 ep.
549 3519 625 3596 285,
646 3526 732 3596 Bouq.
753 3523 829 3595 XVI,
851 3541 895 3596 ep.
919 3515 992 3593 88),
1014 3523 1060 3579 uhi
1082 3524 1117 3580 de
1138 3525 1268 3582 Gaulrido

166 3629 243 3687 Ridcl
265 3628 460 3687 archidiacono
487 3637 542 3686 tum
568 3627 803 3685 excommunicato
831 3643 902 3684 anno
931 3619 1011 3683 1170
1032 3627 1141 3684 scribit:
1185 3629 1269 3699 „llam

166 3750 219 3789 nec
256 3731 283 3788 in
315 3732 407 3788 minus*
439 3731 529 3805 perito
567 3737 656 3788 tantus
692 3729 779 3786 iacilis
814 3735 886 3786 esset
923 3705 1073 3802 excessus,
1112 3731 1209 3788 nedum
1243 3733 1269 3788 in

166 3837 232 3907 illo,
253 3837 330 3893 ouius
351 3851 407 3892 non
429 3837 512 3893 modo
539 3833 679 3905 doctrina,
702 3833 751 3890 sed
771 3839 799 3888 et
820 3833 876 3890 vita
902 3832 985 3889 debet
1011 3833 1181 3891 auditoribus
1209 3851 1270 3890 esse

168 3940 276 3998 uirtutis
309 3937 479 4012 exemplar.“
522 3939 574 3995 Ubi
602 3953 657 3994 non
685 3939 719 3994 de
747 3937 941 3994 archidiacono
970 3937 1152 3994 concionante
1172 3937 1269 4012 iisqne,

169 4043 215 4116 qui
247 4059 307 4100 eum
340 4042 465 4114 andiunt,
499 4058 588 4099 sermo
622 4035 681 4116 ests,
714 4042 762 4098 sed
795 4040 829 4096 dc
861 4040 1056 4099 archidiacono
1085 4041 1189 4113 judicia
1220 4060 1271 4099 re-

169 4151 263 4218 gente,
285 4162 355 4218 quae
377 4145 565 4202 administrant
586 4143 733 4202 auditores.
775 4145 904 4202 Fortasse
925 4145 1047 4202 adhunc
1068 4145 1156 4217 ipsum
1177 4147 1271 4204 arohi-

170 4250 314 4308 diaconnm
336 4251 416 4310 locus
438 4253 532 4305 noster
554 4248 679 4322 pertinet.
721 4247 763 4304 Ab
785 4248 938 4305 bominibus
949 4247 1117 4322 nequissimis
1138 4265 1271 4323 quemque
