2924 4974
980 365 991 406 l

544 449 729 566 *go*

278 643 382 716 Hostis
402 656 555 732 oensem,
576 651 713 736 quisquis
733 669 821 717 suero
837 655 909 738 jun
928 659 1037 734 tuetur,

361 770 522 834 hoereuil
542 769 650 834 ciliciis
668 771 755 853 jussu
775 769 874 836 fidelis
894 789 989 836 umor.

277 884 426 950 Perfidiae
446 903 546 968 genus
567 891 615 950 cst
635 886 748 970 uliquid
769 888 945 952 discerncre
960 887 1090 973 jussum,

360 1001 399 1066 Et
418 1001 521 1066 soclus
541 1009 589 1067 est
609 1003 733 1086 aliquod
752 1005 944 1090 pertimuisse
964 1005 1075 1070 scelus.

152 1115 243 1182 1355.
277 1117 311 1186 si
331 1118 427 1184 virtus
448 1120 579 1184 uuimum
600 1122 764 1205 componit,
784 1119 943 1204 fomurque
962 1125 1027 1188 veri
1101 1127 1144 1175 ⁰¹·
1166 1129 1240 1210 nuc·
1260 1131 1304 1178 ⁴¹¹·

362 1235 520 1320 Linguam,
539 1237 569 1300 si
587 1235 691 1302 forcut
710 1238 807 1320 gratio
826 1244 922 1302 muter
942 1255 1031 1323 opus,
1113 1197 1232 1238 omnm
1249 1199 1291 1250 ’¹⁸'

276 1351 363 1416 Tuuc
382 1351 495 1418 uindex
513 1371 606 1418 veruo
627 1359 658 1418 te
678 1353 823 1418 libertatis
844 1354 954 1420 omubit

360 1468 398 1532 Et
417 1467 509 1533 iocict
528 1475 624 1536 tulum
645 1470 778 1554 quolibet
797 1471 844 1536 ire
863 1471 922 1536 vio.

276 1585 344 1648 lloc
365 1583 444 1652 (luce
463 1590 545 1649 mors
567 1585 628 1650 eris
649 1587 681 1654 in
702 1587 846 1668 dommo,
871 1592 951 1652 tutus
972 1587 1003 1652 iu
1025 1587 1103 1668 uulu,

152 1701 242 1765 1360.
359 1699 453 1766 Tutus
474 1703 506 1766 iu
526 1703 654 1783 insidiis,
675 1703 811 1787 undique
830 1708 911 1768 tutus
932 1705 1002 1768 eris.

276 1817 334 1882 llic
354 1825 411 1899 cst,
432 1819 484 1902 qui
506 1819 580 1883 cleri
600 1837 659 1902 pro
680 1819 818 1884 libertato
838 1818 951 1884 tuendo

358 1933 564 2018 Moudrogero
580 1936 684 2020 graus
700 1941 748 2000 est
761 1935 1018 2020 complicibusque
1028 1936 1102 2015 suis,

274 2047 489 2134 mandrogero,
511 2052 563 2134 qui
583 2069 619 2116 so
639 2052 739 2117 solum
758 2069 883 2116 servaro
904 2067 1050 2116 coronam
1114 2071 1142 2108 oe
1158 2068 1286 2117 sumum.

357 2166 395 2230 Et
414 2167 518 2249 legum
538 2170 628 2250 regui
645 2169 770 2252 jucticut
790 2185 861 2232 esse
882 2172 1009 2251 putrem,

152 2281 241 2346 1365.
277 2283 336 2358 Qui
356 2285 401 2360 (si
421 2283 566 2348 falsidicis
587 2284 790 2361 credendum)
808 2285 879 2369 juro
899 2289 1000 2350 tuctur

357 2400 491 2483 integro,
512 2419 575 2482 quo
596 2419 653 2485 per
673 2419 743 2466 eum
757 2402 862 2484 regius
878 2407 977 2465 exstet
992 2401 1102 2479 homor,

274 2512 492 2598 biuudrogero,
512 2533 626 2580 nomeu
647 2535 738 2598 quom
758 2517 902 2582 libertatis
924 2516 1031 2596 adurit,

358 2631 435 2696 lllud
456 2633 487 2697 iu
508 2632 641 2698 ecclesio
660 2634 688 2696 si
709 2634 777 2716 quis
798 2633 912 2697 babere
932 2631 1013 2696 velit

275 2748 381 2812 Divitis
403 2748 552 2812 ecclcsiae
572 2749 695 2814 libertus
715 2749 798 2814 nullu
818 2755 982 2826 carentem,

152 2865 241 2929 1370.
358 2863 453 2928 Hosto
474 2865 583 2948 premit
603 2865 727 2948 grauius
747 2866 831 2948 regis
846 2865 949 2947 iniqua
965 2878 1080 2928 mamus

275 2979 397 3044 Publice
417 2981 463 3044 sic
483 2981 581 3046 suerit
599 2981 707 3045 tutoris
727 2981 847 3046 bonore
867 2985 1013 3065 potestus,

338 3082 340 3085 ⁵
358 3097 397 3160 Ut
417 3098 514 3180 quivis
535 3096 652 3181 proedo
674 3097 775 3160 mitior
795 3101 894 3162 exstet
915 3115 960 3160 ea.

275 3212 309 3276 iu
330 3212 412 3276 boue
431 3213 537 3296 pupilli
557 3220 640 3278 tortor
660 3219 816 3295 grassetur
836 3213 969 3294 iniquus,

359 3329 425 3392 ileo
443 3335 544 3394 tutore
566 3329 636 3394 doto
658 3329 789 3411 nequior
808 3327 905 3392 bostis
927 3329 992 3392 erit.

153 3447 242 3510 1375.
275 3447 378 3510 Fectio
398 3445 595 3528 blouirogeri
615 3445 728 3510 licitum
748 3445 924 3527 libitumque
944 3450 1102 3526 coaequat,

361 3560 1101 3646 Quodquesemclplacuitpruedicotessebonum.

179 3725 183 3730 -
276 3677 343 3743 Hoc
365 3685 489 3743 auctore
509 3679 590 3761 perit
608 3677 730 3742 libertos
752 3677 958 3756 eeclesiarum,

360 3794 569 3878 Antipatrique
590 3813 697 3858 mouus
719 3812 801 3858 ormo
821 3792 952 3856 nefando
972 3792 1058 3875 rupit.

277 3911 476 3994 Presbyteros
498 3917 638 3993 tunquam
652 3918 762 4002 putres
780 3910 911 3994 populus
928 3915 1100 3988 veneretur,
1113 3933 1141 3972 ι).
1151 3933 1256 3982 lurp-co,
1269 3939 1288 3972 u

154 4025 243 4092 1380.
359 4028 397 4091 Et
416 4027 488 4092 fidei
508 4046 579 4112 pars
601 4034 649 4092 est
665 4028 752 4110 Jussc
773 4027 874 4090 subire
895 4025 997 4109 patris,
1109 4013 1167 4054 ”¹¹¹⁸
1179 4006 1207 4043 '¹⁹
1219 4003 1298 4042 ‘W'

218 4217 268 4268 Vv.
287 4213 470 4268 root-1374.
488 4215 515 4266 iu
533 4215 553 4265 L
571 4215 682 4278 margini
699 4218 763 4266 suut
779 4211 913 4275 adscripti.
