2924 4974
837 477 887 556 sl

508 677 561 742 en
582 676 704 742 indoola
723 677 818 760 loqui,
840 695 919 761 qnae
939 679 1038 744 nesoit
1056 679 1162 763 lingua
1181 685 1286 758 laoere,

591 791 742 874 Floeoida,
764 811 844 878 qnae
858 795 944 860 verbi
959 797 1057 860 nescit
1071 795 1186 860 habere
1200 794 1322 860 modum.

507 908 584 976 sunt
603 917 769 994 nugatores
789 911 913 990 inlmioi,
933 916 1065 995 sonlqoe
1083 913 1202 995 tyranni

386 1023 474 1090 lsoo.
591 1027 696 1090 Falsus
717 1026 929 1112 philosophus,
951 1045 1062 1111 ganeo,
1083 1045 1190 1092 sourra
1209 1028 1267 1107 liii,

508 1141 1324 1228 Quosegilaloaehelhesseribendiqoosveloquendl,

590 1259 649 1335 Qui
668 1258 749 1324 alliis
769 1259 906 1339 sordent,
928 1276 1008 1342 qnos
1028 1259 1103 1325 levis
1126 1279 1199 1326 aura
1218 1259 1304 1324 lovel

507 1375 620 1440 llorurn
641 1373 813 1440 tendiculae
834 1375 945 1442 dieeoli
965 1393 1040 1441 vera
1060 1381 1213 1460 poaniur,

589 1491 627 1556 lli
646 1492 705 1555 nisi
725 1509 922 1575 praecaveas,
942 1493 1081 1577 publicus
1101 1492 1197 1556 hostis
1219 1492 1285 1556 eris.

384 1609 473 1674 150⁵.
506 1607 652 1672 Asserlor
670 1608 736 1672 veri
757 1625 920 1692 personam
940 1609 1040 1673 nesoil
1059 1608 1157 1689 amini,

588 1725 734 1788 Deoernit
752 1724 867 1790 meritis
887 1726 1023 1808 praemia
1042 1724 1124 1789 nulla
1144 1725 1227 1804 viris,

504 1841 647 1907 Personis
668 1841 774 1924 pareil,
795 1840 889 1906 iudex
908 1842 940 1905 in
961 1842 1086 1906 erimina
1106 1857 1227 1918 saevus

586 1957 625 2022 Et
644 1957 706 2021 viiii
726 1957 826 2022 labem
844 1975 969 2042 semper
990 1957 1102 2040 ubique
1123 1960 1215 2020 notai

502 2073 565 2138 Aul
584 2079 687 2138 laeeas
709 2091 836 2157 prorsus
858 2080 910 2138 aul
928 2092 1029 2158 panea
1048 2073 1183 2156 loquaris
1204 2074 1235 2137 in
1251 2072 1323 2149 aula,

383 2189 470 2254 islo.
586 2188 648 2254 Aul
669 2207 809 2271 quaeras,
830 2192 861 2253 in
882 2208 944 2272 qno
965 2209 1038 2256 nare
1058 2191 1152 2256 lalere
1174 2207 1275 2273 queas,

502 2305 578 2370 Nam
598 2305 625 2368 si
647 2322 710 2370 non
730 2307 831 2389 porois
852 2306 964 2387 verbis,
984 2323 1074 2370 nemo
1096 2307 1148 2370 libi
1168 2312 1279 2390 parcet,

586 2422 826 2504 Praevenielque
846 2422 912 2488 (lies
933 2424 1024 2506 impia
1045 2423 1131 2486 lorba
1152 2429 1230 2487 tuos.

502 2537 565 2604 Sub
587 2539 666 2602 duee
686 2537 824 2622 praelato
846 2541 872 2604 si
894 2539 974 2604 forle
993 2538 1113 2604 recedis
1135 2539 1173 2604 ab
1195 2539 1270 2618 aula,

587 2653 704 2738 Sospes
726 2662 757 2718 et
777 2661 811 2718 ut
830 2661 911 2720 lutus
935 2655 1070 2738 quolibet
1089 2657 1135 2720 ire
1156 2673 1262 2738 queas,

382 2771 469 2835 1515.
502 2771 601 2860 Panna
622 2771 666 2835 inl
685 2771 806 2836 landem
827 2771 951 2837 stillabis
972 2773 1004 2836 in
1025 2789 1100 2837 aure
1120 2774 1249 2857 patroni,

586 2885 673 2964 Quae
693 2888 834 2954 recolens
855 2896 988 2972 nequeat
1007 2889 1165 2954 immemor
1185 2907 1256 2954 esse
1269 2888 1323 2953 sui.

501 3005 566 3068 Lex
586 3001 687 3068 divina
706 3004 796 3068 bonis
816 3005 940 3070 vivendi
961 3004 1028 3071 sola
1049 3006 1204 3089 magistra,

584 3119 654 3184 Non
674 3127 812 3186 veterum
831 3122 918 3201 ritus,
939 3122 991 3203 qui
1011 3123 1130 3187 ratione
1151 3129 1264 3186 carent.

502 3235 634 3320 Pervigil
655 3237 734 3301 harro
755 3236 878 3302 studeas
901 3255 973 3302 eura
994 3254 1120 3302 servare
1140 3240 1278 3322 perenni,

381 3349 469 3415 1520.
585 3352 661 3416 Nam
681 3360 854 3418 servatores
875 3361 977 3418 servat
998 3360 1029 3418 el
1047 3356 1116 3438 ipsa
1136 3372 1220 3419 suos.

501 3466 566 3531 Lex
585 3467 726 3549 humana,
747 3470 804 3533 Del
824 3471 852 3534 si
872 3471 912 3534 sil
932 3472 1084 3535 oonlrario
1104 3473 1177 3555 legi,

584 3584 750 3650 Auoiorem
772 3586 901 3667 llananal,
924 3605 986 3669 quo
1007 3594 1156 3671 pereunte
1177 3591 1264 3671 peril.

326 3714 379 3752 '‘e·
504 3701 589 3765 Relia
609 3701 767 3767 solvuntur
786 3702 902 3782 leviter,
924 3721 1003 3786 qnae
1022 3705 1097 3768 iexil
1117 3706 1259 3784 arachne,

535 3845 537 3854 ·
585 3817 660 3883 Arte
680 3827 781 3884 nmen
803 3821 879 3885 mira
898 3819 948 3884 fila
969 3821 1054 3885 eolre
1075 3820 1158 3901 laeil3

443 4118 475 4168 V.
487 4115 559 4169 1501.
578 4119 697 4170 eaeheles
707 4121 957 4184 ll,eoooithesllm,
967 4123 1140 4174 chechelesL.
1158 4123 1218 4173 vid.
1230 4135 1325 4174 eornm.

378 4182 627 4236 valona-1530.
661 4187 691 4236 ln
710 4187 730 4237 L
748 4188 859 4250 margini
877 4194 941 4241 sunl
962 4190 1096 4252 adscripti.
1123 4191 1155 4241 V.
1171 4189 1244 4240 1523.
1263 4187 1325 4252 Arg.

379 4249 516 4314 Quodleg.
527 4252 576 4304 civ.
595 4265 681 4316 nomo.
699 4259 748 4306 elo.
765 4255 823 4315 Lm,
840 4256 901 4320 Lea.
920 4256 1010 4308 oioiles
1028 4269 1115 4320 comp.
1132 4258 1194 4309 lim.
