2912 4976
696 469 746 549 93

168 677 306 748 ,orclem
333 677 502 734 littcrnrmm
529 677 724 738 classicorum
750 680 943 751 copoitionem
974 695 1032 736 sec.
1055 677 1111 734 llll
1127 677 1275 734 lolomacs

166 781 279 838 Sorislr.
308 779 468 840 notuerit!
517 781 572 840 Sed
594 798 648 840 non
670 783 735 840 satis
757 787 885 840 ancorato
910 781 977 854 epit.
1021 780 1142 839 Platonis
1164 781 1199 838 de
1220 781 1275 838 lte-

166 884 277 956 publiea
300 889 330 940 et
351 883 386 940 de
407 883 525 956 Legibus
547 885 633 943 libros
655 892 709 942 tam
731 901 815 960 saepe
836 885 928 942 laudat
942 885 1101 956 lohannes,
1123 890 1219 958 totque
1241 901 1276 942 ex

167 987 201 1044 iis
223 987 303 1044 aliert
323 988 404 1044 locos
426 987 567 1054 (Policrat.
589 987 626 1061 V,
648 983 676 1046 7.
708 989 757 1060 vt,
779 981 828 1048 21.
870 987 943 1060 vttt,
969 981 1006 1044 10
1027 987 1117 1045 Iletul.
1138 988 1186 1059 tv,
1212 980 1275 1060 18),

168 1097 199 1148 ut
220 1091 347 1148 dubitare
368 1107 424 1149 non
444 1091 551 1164 possis,
573 1091 637 1165 quio
659 1107 709 1151 eos
731 1093 841 1165 legerit,
862 1091 913 1151 etri
934 1107 990 1148 uon
1019 1090 1123 1148 Graeco
1144 1090 1276 1164 scriptos,

168 1193 218 1250 sed
249 1201 339 1252 tamen
364 1194 456 1254 Latine
482 1210 590 1252 versos.
634 1195 738 1252 Graece
775 1195 884 1252 doctum
910 1194 994 1252 inisse
1018 1194 1170 1253 Iohannem
1198 1195 1278 1268 elque

168 1297 257 1354 libros
291 1298 413 1356 Graecos
447 1315 503 1356 non
536 1297 647 1356 omniuo
680 1297 798 1356 defuisse
830 1303 938 1357 constet
969 1297 1042 1354 iuter
1074 1313 1168 1356 omncs
1200 1299 1277 1356 litte-

169 1417 277 1472 rarum,
303 1402 400 1473 quales
432 1417 467 1458 eo
500 1407 625 1476 tempore
655 1400 771 1473 luerim,
801 1400 924 1474 peritos,
956 1400 1106 1458 carendum
1137 1418 1222 1474 voro,
1243 1419 1278 1460 ne

168 1504 278 1562 nImicm
310 1505 336 1562 ei
368 1505 478 1578 linguae
509 1505 630 1563 Graecae
662 1505 788 1579 peritiam
820 1503 978 1563 tribuamus.
1033 1505 1073 1564 ct.
1111 1505 1211 1562 {lenter
1251 1523 1277 1580 p.

169 1601 220 1664 83.
243 1625 270 1664 n.
322 1609 441 1666 Platonis
467 1605 575 1681 quidem
607 1609 682 1682 apud
708 1609 780 1666 illios
813 1606 910 1666 aetatis
941 1607 1093 1682 scriptores
1125 1609 1276 1683 reperiatur

170 1712 295 1770 notitiam
321 1712 537 1782 accuratiorem,
567 1728 649 1786 qnam
676 1727 747 1785 quae
774 1729 809 1770 ex
832 1713 986 1785 cicerone,
1018 1710 1173 1784 Augustino
1200 1713 1278 1770 allis-

170 1832 226 1889 que
263 1814 443 1889 scriptoribus
481 1821 536 1872 tum
575 1816 603 1872 in
640 1816 739 1888 vulpes
773 1815 845 1874 notis
877 1815 970 1889 parari
1007 1817 1137 1890 potuerit.
1190 1817 1278 1874 Instar

172 1919 294 1976 omnium
315 1919 456 1978 nominare
476 1918 542 1976 satis
564 1925 608 1976 est
627 1919 772 1991 llugooem
794 1935 810 1976 a
832 1921 934 1978 Sancto
955 1918 1086 1992 Victore3
1112 1920 1278 1978 Graecorum

170 2039 242 2081 vern
280 2023 413 2081 librorum
451 2038 508 2080 non
545 2023 634 2095 major
669 2024 779 2082 videtur
815 2022 898 2080 inisse
934 2022 1015 2096 oopIa
1047 2040 1128 2097 quam
1169 2025 1280 2096 inguae

171 2125 297 2184 seientia.
351 2125 471 2198 Operum
492 2125 613 2182 Platonis
635 2125 739 2182 Graece
760 2125 925 2198 scriptorum
952 2141 984 2182 ee
1006 2133 1096 2184 aetate
1117 2127 1143 2185 In
1165 2127 1280 2200 repIone

172 2228 342 2286 occidentali
363 2229 463 2286 nullum
486 2235 528 2286 est
548 2229 704 2302 vestirium,
726 2230 819 2288 Latiae
840 2236 929 2287 autem
946 2247 1090 2288 versorum
1111 2239 1200 2290 exstat
1221 2239 1280 2289 tes-

172 2334 315 2390 timonium
351 2333 497 2392 obscurum
524 2332 646 2405 quidem,
677 2333 727 2392 sed
752 2334 817 2392 satis
843 2339 956 2390 eertum.
1008 2335 1141 2394 Plurimos
1172 2337 1279 2409 quidem

174 2437 247 2508 fugit
272 2438 343 2494 haec
370 2437 482 2508 notitia,
516 2442 543 2492 et
570 2436 616 2508 qni
643 2437 757 2508 hubent,
791 2438 962 2494 lennemann
988 2437 1084 2496 Gesch.
1110 2440 1159 2498 der
1180 2440 1280 2498 Philus.

172 2540 254 2610 VIII,
278 2533 312 2613 1,
335 2558 361 2613 p.
383 2534 433 2596 96.
455 2547 485 2598 et
504 2539 637 2598 Wachler
657 2539 887 2612 literaturgeseh.
909 2540 949 2613 II,
970 2557 997 2614 p.
1020 2535 1075 2613 51,
1102 2542 1204 2600 lentem
1226 2561 1281 2602 non

171 2643 337 2702 indicarunt.
374 2643 515 2716 ·Gootigit
542 2643 606 2702 milri
632 2660 693 2700 eum
721 2644 852 2715 detegere
880 2644 952 2716 apud
973 2644 1164 2704 Benedictinos
1195 2648 1281 2714 (Hist.

171 2749 225 2805 litt.
238 2747 434 2819 delaFrance,
456 2747 565 2806 tmtv.
587 2763 605 2820 p
628 2741 690 2804 225
713 2753 741 2804 et
762 2740 837 2812 246)
850 2745 896 2818 qui
906 2746 941 2803 de
951 2746 1085 2806 Hannone
1095 2751 1140 2806 rel
1151 2751 1281 2807 Nannone

171 2853 293 2926 quodam
313 2853 434 2910 lectores
455 2852 491 2912 ad
512 2851 617 2908 Valerii
637 2851 764 2908 Andreae
777 2849 974 2908 Bibliotheeam
989 2852 1125 2924 Belgicam
1147 2853 1281 2926 deterunt,

172 2959 221 3016 nbi
243 2978 265 3016 s.
287 2977 314 3016 v.
339 2959 448 3016 Nannus
471 2958 540 3013 haec
560 2958 705 3028 leguntur:
732 2958 846 3028 ,Nanno
869 2956 1033 3014 Stouriensis
1054 2957 1131 3014 Friso
1153 2957 1282 3014 Philoso-

174 3063 245 3136 phus
276 3063 305 3119 In
337 3067 442 3134 septem
470 3060 573 3117 artibus
601 3060 768 3115 excellenter
794 3059 924 3130 Imbutus,
957 3066 1123 3132 praeceptor
1149 3059 1282 3132 Brutuli,

173 3165 303 3238 scripsit:
338 3165 568 3224 Commentarios
592 3164 624 3220 In
651 3161 840 3220 Aristotelem
872 3163 909 3218 cle
936 3161 1025 3219 Guelc
1051 3170 1079 3220 et
1105 3162 1142 3219 ‹te
1167 3163 1282 3234 Mandu,

171 3268 207 3326 lm
229 3268 365 3326 Etlicum
385 3271 561 3337 uniuersum,
584 3266 618 3323 ln
635 3265 786 3323 Platonem
808 3267 845 3330 tle
868 3265 992 3338 Lepibns
1013 3274 1041 3321 ct
1063 3267 1101 3323 cle
1114 3267 1282 3339 Republica,

172 3389 245 3445 qnae
272 3372 419 3444 aliqnando
447 3372 474 3428 in
500 3369 677 3427 Bibliothecis
702 3369 870 3426 llollsndicis
898 3385 931 3425 ae
958 3368 1049 3426 Frisiis
1075 3370 1146 3427 lecta
1167 3369 1283 3428 luerunt.

172 3476 280 3534 Floruit
301 3476 375 3534 cIrca
398 3493 495 3534 annum
511 3477 589 3532 Dom.
605 3472 825 3531 nccctxxxf‘
856 3475 983 3546 Tempus,
1004 3472 1103 3546 putria,
1125 3474 1284 3548 manipulus,

110 3595 118 3614 ·
172 3581 300 3638 doctrina
322 3585 352 3637 et
372 3578 489 3638 nomiois
510 3577 659 3635 similitudo
684 3575 809 3634 dubitare
825 3593 880 3634 ooo
897 3577 997 3648 sipont,
1019 3576 1083 3650 quio
1099 3576 1285 3634 unlnersitatis
1376 3603 1381 3610 ·

171 3681 334 3740 Parisiensis
356 3683 404 3740 ille
424 3681 507 3738 luerit
528 3686 631 3752 rector,
654 3697 735 3753 quem
746 3680 862 3736 Bulaeus
879 3678 946 3735 llist.
969 3678 1041 3735 onir.
1064 3678 1157 3752 Panl,
1179 3697 1206 3752 p.
1225 3673 1282 3737 191

171 3793 201 3844 et
229 3778 288 3857 261
317 3785 480 3842 IIaunooem
505 3789 597 3841 voert.
641 3782 724 3839 llnius
753 3781 882 3838 versione
908 3781 953 3837 vel
981 3781 1181 3839 commentariis
1209 3800 1285 3840 usum

171 3905 234 3950 esse
250 3889 404 3946 Iohannem
426 3888 486 3944 reri
508 3903 543 3943 eo
565 3886 679 3943 slmilius
701 3890 753 3956 est,
776 3883 838 3958 qnia
859 3889 970 3958 praeter
991 3885 1037 3941 illa
1058 3885 1178 3942 Platonis
1200 3903 1286 3959 opera

170 3995 271 4052 uorum
292 3992 418 4064 ipsorum
439 3989 596 4046 AristoteIIs
617 3989 752 4044 librorum
775 3988 847 4061 opud
879 4005 940 4044 eum
961 3988 1079 4059 vestigIa
1102 3995 1224 4061 exstunt,
1251 3990 1285 4048 de

171 4096 271 4168 quinus
297 4095 370 4152 ide'm
398 4099 594 4151 commentatus
625 4098 668 4148 est
688 4092 796 4148 Manno.
839 4091 936 4147 lithica
964 4091 998 4146 cd
1019 4091 1210 4150 Nicomachum
1232 4094 1286 4150 lo·

170 4199 269 4258 haunit
291 4199 319 4256 in
340 4197 463 4258 manibus
476 4197 568 4268 luisse,
590 4197 684 4268 plnres
701 4195 804 4252 docent
818 4193 977 4250 Poliorutioi
998 4195 1054 4250 loci
1076 4211 1100 4250 e.
1116 4211 1144 4267 g.
1172 4191 1287 4270 111112,

980 4286 1001 4348 8
1013 4287 1035 4326 ο
