2924 4974
827 441 875 518 10

479 641 579 708 unua
600 647 736 708 neuram
757 659 894 728 purgans
915 641 1043 706 ilustrat
1064 647 1096 704 ot
1114 637 1216 724 implet

562 761 671 842 Doque
690 759 759 824 sinu
780 759 868 824 Genii
888 757 991 822 nobile
1013 757 1096 821 (iuuit
1115 773 1203 839 opus.

479 873 613 940 Gentiles
635 873 763 940 Genium
784 893 897 941 numen
919 875 1036 939 duero
1058 873 1214 950 ouduoum,

374 991 446 1056 tto.
561 991 671 1057 Natum
690 993 847 1077 subjectus
868 992 928 1056 latu
948 991 1051 1056 subire
1071 991 1128 1054 rei.

478 1109 589 1174 Verius
609 1107 660 1172 hio
681 1109 780 1174 naute
800 1110 913 1174 bonum
935 1108 1063 1186 diem,
1085 1105 1230 1188 adaptans

562 1224 688 1292 Subdita
708 1226 856 1307 gramitin
876 1241 972 1308 posse
993 1223 1121 1288 subesse
1141 1221 1240 1284 bonis.

477 1341 605 1406 Dotibus
625 1343 792 1406 innumeris
813 1343 976 1406 humanum
998 1340 1096 1423 gratm
1117 1337 1190 1401 (litut

543 1459 600 1524 ‚ltt
620 1458 692 1523 lauit
712 1459 852 1542 angelica
871 1465 955 1524 sorte
975 1459 1084 1540 vigere
1104 1471 1213 1537 genus.

174 1597 230 1644 onon
243 1597 361 1648 ,alumna
374 1575 445 1640 tib.
478 1573 653 1642 Muneribus
674 1575 791 1640 eunetis
810 1575 967 1659 prueoellit
986 1571 1193 1654 Philosophia,

175 1671 375 1788 ’“’“’ζ,“,ῗξ,,““““
563 1693 659 1770 ouum
679 1694 814 1775 peritura
835 1698 924 1756 navet
944 1707 1041 1769 mens,
1062 1703 1215 1772 generosa
1235 1685 1324 1768 petit3

480 1807 611 1892 Semper
630 1807 743 1890 ubique
764 1825 840 1872 suos
861 1807 996 1872 oubores
1018 1811 1116 1884 ornat,
1137 1803 1279 1880 honorat,

561 1925 712 2004 Provehit,
735 1925 881 1990 adversos
902 1943 1025 2007 semper
1045 1922 1158 2003 ubique
1178 1919 1303 2003 premit;

478 2040 613 2104 Virtutes
633 2043 712 2124 purit
731 2049 763 2105 et
783 2041 884 2120 nutrit,
904 2043 1070 2121 vitiumque
1091 2055 1225 2101 noverea

375 2156 447 2220 250.
565 2157 661 2237 Pellit,
683 2163 714 2220 et
735 2159 833 2222 errori
854 2175 918 2222 non
939 2157 1011 2222 sinit
1030 2173 1101 2218 esse
1121 2153 1234 2218 locum.

174 2289 202 2326 m
213 2289 279 2327 lunt·
293 2291 312 2326 o
324 2287 374 2334 1001·
479 2273 640 2356 Frangitur
661 2273 809 2353 adversis,
830 2274 977 2338 extollunt
996 2289 1146 2356 prospera
1165 2269 1302 2346 stultum3

248 2359 296 2406 ‘¹¹¹¹'
561 2389 638 2454 Cum
658 2391 732 2454 dare
751 2391 816 2456 vult
835 2390 951 2473 populo
967 2389 1077 2453 Nursia
1099 2406 1191 2451 eueoa
1205 2388 1322 2470 jocum,

478 2505 558 2581 Quid
579 2507 638 2571 nisi
659 2506 798 2572 fortunae
821 2506 895 2585 ludi,
915 2506 1124 2590 phantasmata
1144 2503 1270 2567 mundi?

559 2623 613 2687 llis
634 2624 745 2688 etenim
764 2625 862 2688 visum
882 2624 1045 2706 praestruit
1064 2621 1115 2684 illa
1131 2621 1222 2704 jocis.

372 2739 443 2801 255.
476 2739 644 2822 Prasstigio
665 2745 734 2804 rota
753 2739 894 2803 fortunae
915 2738 1082 2802 conformis
1102 2739 1187 2800 inani

560 2855 700 2919 Dedooot
720 2855 867 2935 infirmos,
888 2872 968 2938 quos
989 2855 1133 2919 docuisse
1153 2857 1269 2938 potest:

477 2969 614 3036 Ostentut
634 2971 725 3036 fulsas
747 2973 868 3056 speeies
888 2978 921 3035 et
940 2989 1035 3054 parva
1054 2969 1152 3034 villeri

558 3087 680 3170 blagna,
701 3089 751 3153 vel
772 3109 791 3153 e
813 3095 920 3152 eontra
941 3085 1069 3170 grundio
1089 3105 1184 3170 parva
1203 3085 1285 3164 facit,

476 3203 627 3268 Adversas
647 3205 739 3269 rebus
759 3204 855 3270 lanies
876 3203 992 3269 inclusit
1012 3209 1044 3268 et
1063 3183 1122 3267 illis

373 3320 444 3383 260.
559 3322 648 3385 Ponit
669 3321 707 3385 ad
728 3321 880 3386 arbitrium
901 3323 1025 3384 nomina
1043 3319 1120 3384 falsa
1140 3337 1238 3397 suum,

476 3436 537 3500 lles
557 3436 650 3502 falsas
672 3436 796 3520 aliquid,
818 3445 849 3502 et
868 3455 921 3502 res
941 3455 1031 3501 veras
1053 3437 1126 3500 nihil
1147 3453 1217 3500 essa

559 3553 673 3637 Fingit,
694 3560 728 3618 ut
749 3554 890 3618 oooludat
910 3556 957 3618 sio
976 3553 1102 3618 rationis
1123 3553 1187 3616 iter.

477 3668 621 3746 Quamvis
641 3670 771 3734 larvales
792 3670 916 3734 inducat
936 3670 1016 3734 mille
1037 3669 1161 3751 figuras,

559 3785 628 3850 Non
650 3793 734 3851 earet
757 3787 879 3850 arbitrio
900 3786 1096 3869 Philosophia
1117 3803 1185 3848 suo.

173 3909 201 3946 m
215 3909 360 4018 ίϋᾝυτίί-
374 3901 445 3966 265.
478 3901 579 3985 Exigit
601 3902 712 3966 arbitrii
733 3903 856 3966 libertas
876 3921 951 3967 vera
972 3901 1101 3966 duorum

560 4017 748 4098 Subsidium,
770 4021 837 4082 sine
853 4037 1016 4100 quomens
1032 4036 1086 4082 rea
1103 4035 1213 4102 pressa
1223 4017 1321 4100 jacet,

477 4133 598 4202 Soiliuet
619 4141 652 4198 ut
671 4136 749 4198 ratio
770 4142 855 4199 reete
876 4136 1029 4200 discernat
1049 4140 1187 4216 ametque

562 4251 689 4335 Semper
709 4251 741 4316 id
763 4251 898 4332 allectus,
920 4251 1003 4335 quod
1024 4253 1075 4336 pia
1092 4253 1161 4335 jura
1183 4250 1321 4335 probant.
