2912 4976
583 406 780 518 Ad...

333 609 412 671 Dicit
432 608 527 684 enim,
550 606 619 670 dum
648 605 784 670 fallacem
806 605 1009 688 cupidumque
1030 605 1157 688 repellit,

207 725 298 787 1700.
416 723 608 800 Assentemur,
631 722 688 800 ubi,
711 721 805 798 Zoilo,
827 728 857 784 te
877 722 978 785 video.

331 841 448 904 lliraris
470 839 598 903 famulos
620 838 707 902 uulue
728 837 859 900 cessisse
880 835 1007 914 llatoui3
1194 857 1222 896 ε.
1236 857 1310 896 uum

415 957 482 1020 Hoc
493 973 577 1019 meus
589 955 679 1040 plenu
690 953 779 1030 dolis,
796 953 858 1016 hoc
874 953 950 1017 mulo
960 955 1065 1036 liuguu
1076 953 1159 1032 lucit,

332 1073 399 1136 lloc
420 1072 588 1135 auditorum
609 1069 725 1148 levitas,
746 1075 779 1134 ut
799 1072 905 1134 tressis
927 1087 1023 1152 agaso

415 1189 514 1252 Possit
539 1187 577 1250 ab
603 1188 721 1269 ingrato
746 1187 862 1269 pellere
884 1205 1034 1268 quemque
1057 1185 1157 1249 domo.

207 1305 297 1367 1705.
332 1303 480 1368 Credulus
502 1303 620 1368 auditor
640 1301 692 1366 lidi
712 1302 866 1386 vetulique
888 1303 1004 1366 clientis

415 1421 575 1484 Immemor
590 1425 637 1483 εει
652 1426 682 1482 ει
698 1424 776 1482 amat
792 1437 915 1502 semper
925 1419 1039 1484 habere
1050 1437 1156 1482 novos.

331 1535 406 1598 Nam
427 1537 568 1616 quotiens
589 1534 670 1600 iacili
690 1535 771 1618 pede
788 1535 855 1598 vilis
872 1536 903 1599 in
920 1554 994 1600 uure
1011 1543 1158 1614 susurrat,

415 1653 541 1715 Toxiout
561 1653 687 1716 interius
709 1651 811 1715 cordis
833 1658 864 1714 ει
886 1653 948 1717 oris
971 1671 1058 1735 opus.

332 1768 465 1847 Aeutes,
487 1785 599 1846 mores,
621 1765 769 1846 fortunas,
791 1768 982 1832 conditiones

206 1884 296 1947 1710.
391 1885 501 1949 Versat
521 1890 552 1947 ει
572 1885 717 1968 appendit
738 1885 878 1967 garrulus
901 1891 970 1948 unte
992 1885 1102 1949 iocum.

330 2001 403 2083 Ejus
425 2001 462 2064 ub
487 2000 609 2064 arbitrio
631 2001 771 2065 dominus
793 2003 871 2066 male
892 2019 985 2066 surus
1002 2008 1032 2064 et
1047 2019 1157 2064 excors

413 2115 474 2179 Aut
494 2116 565 2179 beat
586 2124 637 2180 aut
657 2125 789 2199 torquet,
812 2118 876 2182 odit
898 2125 1014 2182 umutue
1036 2135 1119 2180 suos.

330 2233 438 2296 lnlelix
459 2233 553 2314 igitur
573 2231 681 2296 dourus
704 2239 751 2296 est
772 2241 802 2296 et
822 2252 923 2318 poeno
946 2235 1106 2312 bonorum,

414 2349 501 2424 Quae
528 2355 650 2412 rectore
678 2367 786 2414 carens
812 2351 869 2414 sub
892 2351 1033 2414 cinilloue
1055 2351 1157 2431 gemit,

204 2463 294 2526 1715.
328 2463 435 2527 lulelix
456 2464 597 2545 equidem
625 2467 712 2530 nimis
739 2473 787 2530 εει
813 2473 843 2530 ει
868 2465 982 2550 praeda
1002 2466 1157 2544 uolonum,

413 2581 501 2656 Quae
520 2581 620 2664 rejicit
639 2588 761 2646 iveteres
783 2600 848 2646 non
870 2583 995 2646 fruitura
1018 2584 1114 2644 novis.

332 2697 436 2761 Stellio
460 2697 499 2760 de
520 2696 606 2761 furtis
628 2699 774 2762 muculum
796 2698 1095 2774 communiendum,

411 2815 475 2877 Nec
497 2820 544 2878 εει
564 2815 627 2894 ius,
649 2833 689 2878 ex
710 2833 774 2896 quo
798 2815 909 2880 destitit
930 2832 1000 2878 esse
1021 2831 1102 2876 reus.

329 2927 471 3012 Subjacot
491 2930 620 2995 invidiae
641 2932 778 2996 stimudus
799 2949 868 2996 sors
889 2932 977 3008 luctu,
1003 2931 1154 3011 miserque
1167 2953 1194 2990 m
1211 2951 1258 2992 unu
1276 2951 1356 2990 imme

206 3044 296 3107 1720.
414 3047 506 3111 Solus
528 3049 565 3112 ub
587 3048 634 3111 his
655 3047 740 3127 liber,
762 3049 848 3112 solus
869 3055 900 3110 et
921 3048 1010 3110 hoste
1032 3053 1123 3110 curet.
1184 3027 1261 3062 “⁶¹¹''
1274 3023 1323 3070 ‘¹¹¹¹'

331 3163 424 3226 Livor
444 3163 524 3226 cdux
546 3164 621 3228 ulios
644 3164 714 3228 dum
736 3165 859 3230 loedere
881 3165 972 3246 gestit
993 3169 1023 3226 ει
1045 3163 1132 3246 ignes

414 3279 541 3355 Excitat,
565 3281 709 3362 imprimis
731 3283 827 3345 uritur
847 3283 919 3362 igne
940 3296 1008 3342 suc.

331 3393 571 3476 Conioditurque
592 3399 655 3460 suis
677 3397 814 3476 stimulis,
836 3415 870 3460 se
892 3396 983 3460 dente
1005 3401 1131 3458 cruento

414 3511 504 3574 Redit
524 3520 554 3575 ει
574 3513 705 3595 impulsu
727 3514 844 3595 deperit
864 3531 962 3593 usque
983 3529 1051 3574 suo.

207 3628 299 3690 1725.
332 3628 428 3691 Nemo
450 3629 530 3691 uolet
551 3648 670 3693 morsus
692 3631 859 3710 rictumque
882 3645 991 3692 cauere
1008 3627 1157 3703 caninum,

415 3745 501 3819 Ouos
522 3745 644 3824 schola,
667 3765 744 3827 quos
772 3746 949 3823 claustrum,
971 3761 1049 3825 quos
1075 3742 1158 3806 levet

792 3862 860 3925 aula
881 3877 1006 3924 nocens.

273 4093 304 4144 V.
325 4091 398 4144 ttoo.
417 4095 460 4146 ubi
478 4097 506 4153 L,
524 4094 644 4156 dubium,
666 4100 754 4146 utrum
772 4093 860 4146 alicu
879 4095 924 4150 ubl
941 4093 968 4144 in
983 4093 1017 4148 ll.
1036 4093 1067 4144 V.
1082 4089 1154 4144 1119.

204 4156 268 4222 Arg.
288 4174 351 4212 cum
369 4162 427 4222 ejus
445 4161 502 4221 Lm,
520 4163 578 4222 eius
597 4175 660 4212 curu
676 4162 738 4214 llm.

905 4245 924 4306 6
937 4247 957 4286 ss
