2924 4974
668 492 750 567 XIX

155 691 290 754 cannino
305 689 441 754 eiusdem
451 690 582 754 nominis
594 690 828 776 distinguuntur,
843 691 941 756 nunus
952 696 1037 756 recte
1049 689 1189 776 opinatus
1203 695 1259 770 est,

155 811 250 858 unum
272 793 365 858 modo
386 792 491 858 luisse.
533 794 681 878 Pitseum,
712 803 745 862 ut
770 797 918 879 oportuit,
949 795 1094 860 intellexit
1114 796 1260 874 Pastoret,

156 915 220 979 quo
253 915 344 962 nemo
372 899 529 981 copiosius
563 904 653 981 atque
679 900 852 984 diligentins
879 899 918 964 de
942 899 1090 964 lobannis
1117 899 1260 966 sarisbe-

156 1003 267 1066 ricnsis
289 1001 350 1066 uita
371 1007 402 1064 et
427 1002 548 1084 scriptis
570 1002 650 1085 egit,
671 1005 704 1066 in
724 1004 882 1087 praeclara
906 1004 956 1068 illa
975 1004 1102 1070 historia
1121 1005 1261 1070 Franco-

157 1105 268 1188 galliae
294 1105 438 1170 litteraria
459 1106 512 1182 (Τ.
533 1105 603 1171 XIV
623 1108 691 1172 Par.
716 1108 795 1173 1817
817 1127 847 1192 p.
873 1110 965 1188 158),
987 1111 1036 1174 cui
1058 1109 1261 1174 dissertationi

158 1217 189 1274 et
208 1227 267 1274 nos
288 1209 380 1274 muta
400 1208 561 1276 referimus
576 1219 711 1296 accepta.
745 1211 890 1278 codicem
911 1213 1172 1296 hamburgensem
1193 1231 1262 1278 cum

157 1315 353 1398 reperissem,
375 1314 448 1396 quid
469 1315 622 1380 commodi
643 1335 683 1379 ex
703 1315 764 1380 hoc
785 1317 920 1380 carmine
940 1324 972 1380 et
986 1317 1117 1400 Angliae
1138 1324 1168 1380 et
1188 1317 1262 1400 phi-

157 1417 321 1500 losopbiae
342 1417 393 1482 vel
414 1419 555 1500 antiquae
576 1418 626 1484 vel
645 1421 847 1484 scholasticae
869 1428 993 1505 caperet
1012 1422 1148 1501 historia,
1169 1421 1261 1485 intel-

158 1523 271 1605 ligens,
294 1521 458 1587 editionem
478 1538 588 1604 parare
610 1525 760 1587 constitui.
793 1524 855 1590 Sed
875 1542 977 1607 neque
994 1526 1057 1609 jam
1077 1523 1171 1589 hodie
1191 1523 1262 1589 edi-

158 1629 202 1690 tio
224 1644 292 1690 mea
313 1626 344 1689 in
365 1627 465 1691 lucem
478 1625 626 1710 prodiret,
642 1645 743 1709 neque
759 1646 809 1708 eo,
826 1646 888 1711 quo
903 1629 1067 1694 instructus
1082 1637 1130 1694 est
1145 1636 1264 1708 ornatu,

159 1731 218 1795 nisi
240 1730 507 1814 lappenbergius,
528 1733 576 1796 uir
596 1731 636 1796 de
655 1731 783 1797 historia
802 1733 933 1817 Angliae
955 1750 1053 1815 aeque
1074 1752 1111 1798 ac
1133 1733 1263 1800 Germa-

158 1835 231 1896 niae
253 1834 367 1916 optime
388 1835 522 1914 meritus,
545 1836 676 1900 animum
697 1835 873 1916 addidisset,
895 1853 986 1921 opem
1005 1839 1213 1921 promississct
1232 1845 1264 1904 ct

158 1937 384 2002 festinationem
401 1938 653 2019 commendasset,
663 1958 765 2022 eoque
779 1942 1000 2006 interveniente
1015 1943 1062 2007 vir
1071 1942 1263 2007 doctissimus

159 2049 192 2106 et
215 2043 449 2107 humanissimus
478 2043 517 2107 de
542 2043 647 2106 litteris
673 2044 811 2128 Anglicis
837 2052 869 2110 et
898 2047 965 2129 ipse
992 2048 1104 2129 optime
1130 2048 1263 2126 meritus,

159 2147 291 2210 Thomas
301 2145 425 2230 Wright
443 2148 590 2230 singulari
611 2165 681 2212 cum
695 2149 871 2214 liberalitate
888 2150 1025 2215 codicem
1039 2150 1264 2217 londinensem

161 2251 381 2316 conterendum
402 2252 569 2316 obtulisset.
613 2254 656 2317 lta
677 2253 788 2318 facturn
810 2261 871 2333 est,
898 2259 931 2318 ut
950 2255 1093 2318 recensio
1114 2274 1184 2320 mea
1204 2255 1263 2320 lir-

160 2356 306 2420 mioribos
332 2357 481 2420 niteretur
500 2355 701 2420 fundamentis
723 2364 754 2420 et
774 2359 995 2422 commentariis
1017 2365 1191 2439 ornaretur,
1212 2362 1265 2440 qui

159 2481 258 2528 meam
290 2461 532 2543 qualemcunque
564 2460 731 2526 doctrinam
762 2463 955 2526 excederent
998 2460 1122 2527 Praeter
1145 2462 1264 2528 Londi-

159 2584 288 2631 nensern
309 2571 341 2628 et
361 2563 641 2647 Cantabrigicnsem
662 2566 801 2629 codicem
827 2565 941 2630 rutilium
967 2566 1056 2629 alium
1080 2567 1266 2650 investigare

159 2671 261 2752 potui;
282 2687 342 2734 nec
361 2668 508 2751 Angliaa,
529 2686 588 2732 nec
608 2668 864 2733 Franco-Galliae
884 2670 1157 2750 marrnscriptorum
1178 2676 1264 2732 cata·
1390 2684 1392 2688 ’

161 2775 236 2856 logi,
258 2790 335 2854 quos
356 2772 479 2852 quidem
499 2771 690 2853 perlustravi,
711 2771 803 2835 ullum
824 2772 971 2853 praebent
989 2774 1160 2855 uestigium.
1198 2773 1265 2838 Ne-

162 2895 222 2959 quc
252 2879 320 2958 ipsa
351 2877 424 2940 urbs
458 2873 623 2939 Camotum
657 2876 838 2953 (Chartres)
871 2875 964 2941 ullum
995 2877 1143 2942 lobannis
1170 2878 1266 2942 nostri

162 2999 242 3064 opus
263 2981 355 3045 hodia
376 2985 492 3057 servat3
525 2981 616 3044 rebus
639 2981 718 3043 enim
739 2982 771 3044 in
793 2979 888 3044 Galba
908 2983 1027 3046 lacuatis
1048 2999 1156 3045 omnes
1177 2981 1266 3045 huius

162 3087 247 3151 urbis
278 3085 478 3149 bibliothecae
511 3083 645 3165 direptae
673 3092 704 3148 et
733 3085 896 3166 dissipatae
927 3091 1006 3150 sunt.
1058 3085 1175 3150 Auctor
1200 3086 1267 3166 ipsc

163 3191 253 3254 huius
280 3190 362 3253 urbis
388 3189 499 3254 ultimis
526 3191 605 3252 vitae
632 3189 719 3252 annis
741 3189 905 3270 episcopus
932 3189 1081 3254 ecclesiae
1103 3188 1267 3254 cathedrali

162 3300 257 3358 totam
278 3311 363 3358 suam
378 3293 590 3358 bibliothecam
612 3294 788 3373 donaverat,
800 3296 839 3371 a)
861 3293 916 3359 sed
938 3294 1017 3358 inter
1032 3295 1099 3358 eins
1113 3294 1267 3376 reliquias,

163 3415 243 3478 quac
270 3415 377 3460 rursus
405 3398 553 3462 collectae
582 3398 680 3462 adhuc
708 3405 918 3476 asservantur,
950 3398 1050 3462 nudus
1072 3398 1175 3480 magni
1197 3398 1267 3480 epi-

164 3503 253 3584 scopi
275 3501 351 3564 liber
372 3503 531 3583 reperitur.
545 3502 607 3578 ss)
650 3500 774 3566 Codicis
797 3501 1054 3584 Cantabrigiensis
1077 3501 1267 3566 collationem

164 3622 273 3685 parare
295 3604 366 3668 mihi
389 3622 452 3668 non
473 3607 573 3686 potui,
606 3605 664 3668 sed
690 3613 838 3683 nonest,
870 3606 953 3686 quod
980 3607 1141 3670 lectionem
1166 3605 1267 3669 bonae

164 3715 256 3773 nome
287 3707 359 3772 inde
386 3716 615 3792 exspectemus,
647 3709 795 3790 siquidem
822 3715 906 3772 recte
928 3709 1122 3791 conjicimus,
1153 3708 1267 3773 Lelan-

165 3811 237 3875 dum
258 3811 319 3874 hoc
342 3812 450 3876 codice
471 3829 559 3876 usnrn
582 3829 667 3891 esse,
696 3813 747 3893 qni
770 3829 902 3891 carmen,
924 3818 958 3875 ut
979 3811 1044 3892 ille,
1075 3812 1269 3876 Entbeticcm

165 3917 343 3998 inscriptum
365 3915 520 3994 exhibeat3
544 3915 574 3978 id
596 3914 679 3998 quod
700 3915 764 3978 veri
786 3933 824 3978 eo
847 3917 987 3996 similiuS,
1007 3919 1077 3998 quia
1103 3915 1181 3979 tertii
1209 3933 1268 3979 co-

199 4082 218 4148 *)
236 4081 308 4133 illst.
327 4081 377 4133 litt.
395 4084 428 4132 de
446 4084 470 4132 11
486 4084 588 4133 France
603 4082 634 4131 Τ.
652 4081 722 4132 XIV.
741 4095 767 4143 p.
784 4079 826 4132 98.

183 4167 212 4235 ··)
232 4169 373 4231 catalogue
391 4168 439 4221 des
456 4169 618 4222 blanuscrits
637 4170 669 4220 de
688 4171 711 4219 la
725 4168 906 4232 bibliotheque
924 4169 956 4220 de
974 4169 1000 4220 la
1016 4169 1076 4221 ville
1091 4171 1123 4221 dc
1138 4169 1268 4221 Chartres.

235 4252 309 4307 1848.
327 4254 352 4307 8.

1018 4344 1070 4406 211
