2912 4976
654 429 854 548 Q

206 632 446 708 peregrinantibus
468 633 588 692 instituta
610 636 669 694 sive
690 639 828 696 hominum
850 638 1020 712 privatorum
1046 639 1104 696 sive
1131 637 1243 712 publica
1270 637 1316 692 in-

206 738 294 812 telligi
317 739 428 805 omuino
450 739 506 796 noir
528 741 658 813 possuht3
683 741 821 798 desertis
843 741 913 798 enim
935 743 1059 816 personis
1081 747 1109 798 ct
1133 741 1316 798 iustitutioni-

207 845 270 914 bus,
292 859 405 917 quarum
428 850 583 902 accuratam
604 845 687 902 habet
707 847 832 904 notitiam
853 853 996 919 autequam
1017 830 1158 918 ingressus
1180 845 1317 916 ostilam,

205 963 297 1020 sermo
319 955 371 1020 est,
394 949 501 1022 quaein
513 949 607 1005 eadem
629 949 745 1021 regione
757 951 803 1006 vel
823 949 892 1007 urhe
912 950 1014 1006 luerint
1034 956 1157 1024 oportet,
1179 949 1316 1022 siquidem

206 1051 316 1110 auctori
348 1051 458 1114 licuisse
488 1051 598 1108 videtur
630 1051 777 1124 quamlibet
807 1069 902 1110 aarum
936 1054 1058 1126 eligere,
1090 1072 1116 1110 v.
1147 1046 1226 1110 1585
1254 1069 1314 1125 sqq.

208 1155 333 1214 Oxauiae
354 1171 424 1214 uero
446 1157 519 1213 huno
539 1155 659 1214 libellum
681 1173 743 1213 esse
764 1157 956 1231 compositum,
978 1174 1039 1214 cum
1061 1157 1318 1228 demonstraverim,

206 1261 287 1316 etiam
309 1261 377 1317 haec
388 1260 518 1334 hospitia,
545 1276 661 1333 qnorum
678 1277 733 1318 uuo
750 1261 809 1335 ipse
825 1269 957 1335 exceptus
968 1261 1076 1319 viveret
1095 1267 1158 1318 aute
1176 1262 1230 1319 iter
1250 1279 1318 1316 sus-

207 1371 325 1439 ceptum,
346 1381 402 1422 nou
419 1365 483 1423 alibi
499 1365 724 1438 luissaseqnitur.
757 1341 808 1424 ita
829 1367 853 1423 si
874 1371 950 1422 recta
962 1366 1108 1439 disputari,
1130 1365 1318 1422 universitatis

209 1469 374 1526 oxoniensis
399 1469 514 1526 historia
542 1487 597 1526 non
624 1470 759 1528 minimum
787 1472 855 1528 lucis
881 1471 944 1527 inde
966 1469 1098 1543 accipiet,
1120 1471 1143 1525 si
1165 1469 1317 1541 contigerit

206 1573 315 1644 singula
337 1578 412 1628 recte
433 1573 623 1646 interpretari,
650 1573 679 1632 id
701 1574 776 1648 quod
796 1573 950 1631 facillimum
974 1589 1030 1630 noa
1052 1579 1108 1645 est,
1135 1573 1198 1646 quia
1221 1580 1315 1630 cetera

206 1693 276 1750 quae
294 1675 329 1732 de
346 1677 397 1733 bac
414 1683 503 1732 aetate
525 1679 672 1736 memoriae
694 1679 805 1752 prodita
827 1684 898 1751 sunt,
920 1678 982 1734 iude
1000 1679 1091 1751 potius
1106 1678 1194 1735 lucem
1212 1695 1318 1751 exspe-

205 1785 288 1852 ctant,
311 1786 389 1853 quim
411 1780 474 1837 huic
495 1782 560 1839 1000
582 1784 723 1857 praebent.

288 1883 412 1957 lloapitia
454 1891 517 1940 sunt
556 1902 654 1958 magna
702 1889 747 1944 illa
792 1888 914 1944 aedilicia
953 1888 1077 1945 Oxouiae
1125 1885 1313 1958 antiquissimo

205 1989 324 2045 tortasse
344 1987 450 2045 Allredi
471 1994 597 2062 tempore
617 1991 645 2046 in
666 1992 859 2063 magistrorum
881 1999 910 2048 et
930 1991 1095 2048 rainiariam
1117 2007 1194 2046 usum
1217 1989 1315 2046 aedili-

206 2097 283 2162 cata,
316 2109 401 2165 quae,
433 2092 570 2164 Augilaa
600 2094 683 2151 Danis
716 2102 744 2152 et
770 2113 785 2152 a
812 2096 973 2152 Normannis
1005 2095 1115 2167 saepius
1146 2099 1317 2167 expugnata,

206 2195 308 2253 deiude
321 2197 453 2254 Guilelmo
465 2197 591 2270 hogliam
614 2205 777 2274 occupante,
800 2199 827 2256 in
838 2199 1007 2272 privatorum
1018 2197 1155 2254 hominum
1168 2197 1317 2253 dominium

205 2306 406 2373 pervenerunt,
433 2301 467 2357 ab
495 2301 581 2375 iisque
609 2310 707 2376 postea
733 2279 872 2375 magistris
899 2309 927 2358 et
947 2301 1118 2358 scholaribus
1139 2299 1312 2372 locabantur.

205 2402 299 2460 lluber
321 2403 365 2460 die
386 2405 465 2476 Engl.
487 2404 612 2462 Univers.
634 2407 698 2463 Vol.
721 2407 748 2477 1,
770 2401 819 2462 ot.
841 2399 889 2462 73.
912 2399 962 2462 85.
1006 2405 1045 2461 lta
1067 2404 1139 2476 apud
1159 2403 1313 2459 iohannem

206 2508 241 2564 de
262 2507 349 2564 lanua
372 2527 393 2564 s.
416 2510 443 2564 ln.
466 2527 491 2566 v.
517 2509 690 2584 „Hospitium
712 2529 781 2568 vero
809 2509 955 2568 scolarium
984 2517 1039 2580 est,
1067 2508 1115 2564 sed
1142 2508 1240 2564 domus
1273 2513 1316 2561 est

205 2611 361 2683 burgensis,
384 2613 429 2685 qui
445 2629 504 2669 eam
525 2611 625 2671 locat.“
658 2614 713 2682 Qui,
733 2631 781 2672 eos
803 2614 932 2671 locabant
953 2612 1065 2682 domini,
1088 2611 1314 2682 nuncupabantur

205 2715 348 2790 hospites,
371 2723 401 2772 ut
422 2723 594 2774 monumenta
617 2708 651 2794 err
674 2719 720 2776 illa
741 2724 831 2776 aetate
853 2724 961 2774 servata
983 2717 1095 2787 docent,
1117 2715 1163 2780 (V.
1177 2714 1313 2770 ll.lluber

204 2819 238 2874 V.
262 2820 274 2875 l
296 2837 322 2892 p.
345 2814 431 2887 224.)
455 2827 483 2877 at
504 2821 670 2895 principales
693 2824 737 2880 vel
759 2821 901 2895 praesides
922 2820 1035 2893 hospitii
1056 2838 1077 2876 s.
1101 2820 1179 2876 aulae
1200 2819 1312 2884 (Wood

206 2939 232 2996 p.
255 2915 296 2978 48
318 2928 346 2979 et
366 2942 394 2996 p.
419 2917 500 2991 108).
529 2925 749 2983 iocabantvero
773 2931 820 2982 aut
840 2925 906 2998 ipsis
926 2925 1072 2996 juvenibus
1087 2923 1239 2990 litterarum
1251 2928 1314 2977 stu-

207 3026 292 3083 diosis
314 3033 361 3083 aut
382 3029 529 3100 magistris,
552 3029 599 3101 qui
621 3047 716 3086 rursus
737 3030 878 3088 studiosos
899 3028 1019 3102 hospitio
1032 3025 1210 3100 recipiebant,
1231 3027 1314 3082 ideo-

206 3147 259 3203 que
296 3138 324 3187 et
361 3131 413 3204 ipsi
451 3132 573 3208 hospites
611 3133 741 3207 appellati
777 3140 846 3192 suut.
905 3132 1032 3205 llospitcs
1070 3148 1137 3190 reno
1176 3137 1310 3188 vocantur

206 3234 287 3291 etiam
324 3235 474 3292 litterarum
512 3237 626 3294 studiosi
663 3245 689 3293 et
721 3238 859 3310 magistri,
892 3238 939 3311 qui
969 3234 1165 3294 habitationem
1201 3233 1310 3291 condu-

206 3337 315 3410 cebant,
338 3345 365 3395 et
386 3338 509 3412 hospites
531 3341 638 3413 quidem
663 3341 813 3414 peregrini,
835 3341 882 3414 qui
903 3358 958 3398 non
985 3341 1031 3398 diu
1046 3345 1213 3409 morantur,
1246 3338 1311 3411 qni-

206 3444 256 3500 bus
278 3460 305 3499 v.
332 3435 410 3499 1535
443 3443 482 3500 illi
503 3442 625 3516 hospites
647 3445 769 3502 insidiari
795 3445 934 3517 dicuntur,
967 3451 1043 3516 suut,
1076 3443 1189 3516 opinor,
1222 3441 1309 3498 scho-

205 3549 278 3604 lares
305 3553 333 3603 01
365 3546 503 3618 magistri,
538 3548 583 3620 qui
610 3549 746 3605 domicilia
773 3549 800 3606 in
827 3549 912 3605 breve
938 3548 1069 3620 temporis
1084 3547 1210 3628 *spatium
1238 3561 1310 3602 000-

206 3652 348 3708 duxerant.
400 3651 474 3718 Quae
500 3652 555 3709 hoc
581 3653 646 3710 loco
679 3659 789 3723 notatur
816 3653 953 3727 hospitum
985 3638 1097 3726 pertidia
1124 3658 1152 3707 et
1183 3649 1309 3720 avaritia,

206 3757 247 3827 de·
271 3757 304 3812 iis
337 3755 444 3828 quidem
462 3756 549 3812 *aliud
581 3757 660 3813 ctiam
693 3758 881 3815 documentum
914 3755 1061 3816 memoriae
1087 3756 1225 3829 proditum
1258 3760 1308 3824 est3

204 3859 290 3932 regiis
323 3859 393 3916 euim
425 3859 542 3917 decretis
574 3861 705 3935 prohibiti
730 3867 805 3934 sunt,
838 3877 871 3918 00
904 3861 1007 3932 majora
1039 3859 1128 3933 pretia
1154 3857 1308 3929 exigerent,

204 3963 296 4020 lluber
323 3964 343 4019 1.
376 3981 402 4037 p.
436 3957 506 4020 224.
562 3965 647 4035 Prava
679 3965 725 4021 illa
763 3963 878 4021 auaritia
911 3963 985 4020 ducti
1016 3962 1139 4035 hospites
1169 3960 1307 4018 domicilia

205 4069 352 4139 locantes,
374 4073 404 4124 01
426 4068 564 4126 studiosos
592 4067 674 4125 rebus
697 4076 724 4124 ct
745 4068 860 4124 mantica
883 4068 899 4124 i.
923 4085 946 4124 e.
970 4067 1138 4141 supellectile
1160 4065 1309 4138 privarent,

204 4187 254 4228 eos
282 4171 455 4245 turpitudinis
481 4173 672 4230 insimulabunt
702 4177 840 4246 testesque
872 4164 1036 4230 adhibebant
1067 4172 1159 4228 lalsos.
1214 4172 1307 4225 Testes
