2924 4974
554 491 729 608 L

279 695 440 778 ouijmet,
461 693 634 773 usserium,
654 691 1072 776 soletidemsoriptaiovere,
1104 695 1303 818 mimihilt*-

361 809 873 894 Quaequesemelreoipitnomiua,
896 809 977 874 clara
990 809 1070 875 facit.
1104 837 1303 880 troarnen-nt

277 927 330 992 lile
352 925 554 1006 Theobaldus,
577 927 628 1009 qui
650 925 761 992 Christi
782 925 936 1009 praesidet
956 923 1054 1006 aulae,

362 1043 460 1120 Quam
480 1041 552 1108 iidei
572 1049 696 1107 matrem
718 1042 824 1107 Gauda
845 1048 947 1108 nostra
970 1042 1051 1121 colit,

153 1163 244 1227 1295.
282 1161 370 1226 Hurro
390 1177 604 1224 successurum
626 1159 684 1224 sibi
704 1165 808 1242 sperat
828 1166 859 1224 et
880 1166 957 1239 orat,
979 1165 1012 1223 ut
1026 1158 1107 1224 idem

360 1276 513 1342 Praesulis
534 1275 667 1341 officium
689 1277 802 1340 munim
822 1282 913 1359 atque
934 1276 1044 1341 locum.

278 1395 335 1459 ilio
355 1401 412 1472 est,
436 1393 609 1458 caniliaum
631 1393 682 1475 qui
699 1393 752 1476 jus
774 1391 921 1457 cancellat
940 1392 1086 1475 iniquum,

364 1509 449 1585 Quos
470 1507 575 1574 habuit
593 1523 688 1592 reges
708 1508 821 1592 Augila
841 1515 930 1594 capta
951 1509 1013 1591 diu,

279 1625 356 1690 iisse
372 1631 480 1709 putans
495 1641 599 1708 reges,
621 1642 700 1707 quos
721 1632 769 1690 est
784 1643 932 1709 perpessa
946 1632 1105 1710 tyrannam

154 1744 246 1809 1300.
362 1742 434 1807 Plus
454 1747 618 1807 veneratur
638 1759 705 1821 eos,
726 1743 779 1824 qui
800 1759 935 1808 nocuere
956 1745 1064 1827 magis.

278 1857 366 1940 linio,
387 1859 439 1941 qui
460 1859 629 1942 priscorum
650 1876 753 1922 mores
773 1857 922 1942 legesque
943 1860 1048 1926 revelli
1105 1871 1133 1911 n.
1160 1868 1243 1909 ...aaa
1264 1869 1305 1910 0-

362 1975 530 2058 Praecepit,
550 1973 663 2039 lihitum
685 1991 742 2059 pro
762 1975 883 2040 ratione
903 1967 970 2054 lult3
1180 1940 1230 1980 ‘⁸⁸⁸'

279 2092 359 2156 Vicit
380 2091 503 2156 avaritia
523 2089 644 2170 llidam,
665 2089 784 2155 feritate
805 2089 937 2172 leonem,

361 2209 498 2272 Asmtam
518 2206 641 2291 vulpem
661 2205 817 2272 fraudibus
839 2213 929 2290 alque
951 2208 1040 2290 dolis,

157 2327 246 2392 1305.
283 2328 341 2401 Qui
373 2324 518 2408 populum
549 2324 676 2406 pressil,
710 2324 761 2405 qui
788 2323 841 2406 jus
866 2327 1049 2410 contempsit
1079 2333 1110 2389 et

756 2457 896 2522 nemum,

364 2558 432 2632 Quo
453 2555 544 2638 lupus
567 2563 597 2619 et
617 2557 704 2640 tigris
725 2557 826 2620 mitior
847 2557 946 2620 omnis
968 2563 1046 2634 erat;

280 2675 351 2738 Plus
372 2691 428 2735 sue
449 2672 592 2756 pollutus,
614 2673 724 2755 quovis
744 2672 930 2755 petulantior
949 2673 1047 2752 hirco,

364 2787 513 2853 venditor
533 2787 694 2869 ecelesiae,
715 2788 889 2871 proditione
910 2795 1032 2873 potens,

281 2905 446 2990 Sanguinis
466 2905 589 2969 humani
612 2904 741 2988 cupidus
761 2904 935 2988 vindexque
955 2904 1100 2984 ferarum,

159 3022 247 3087 1310.
368 3020 428 3096 oui
448 3021 533 3084 titulo
554 3022 638 3104 regis
659 3021 798 3104 publicus
818 3021 916 3086 hostis
938 3027 1011 3086 erat.

283 3138 409 3202 Ponitur
429 3135 585 3220 exemplar
604 3135 707 3220 legum
728 3137 934 3222 populumque
955 3136 1093 3221 regendi,

367 3253 404 3318 lit
423 3253 503 3318 bene
523 3252 646 3318 vivendi
666 3252 796 3318 formula
818 3260 900 3320 certa
922 3254 1017 3318 datura.

284 3371 366 3436 iuvit
386 3387 455 3433 eum
476 3371 561 3452 panis
583 3369 691 3448 cultus,
711 3369 768 3434 sed
788 3387 874 3434 more
894 3371 1023 3452 tyranni,

371 3485 518 3550 Cerneret
539 3492 571 3550 ut
591 3483 720 3569 pedibus
742 3485 860 3550 subdita
882 3491 990 3550 eunota
1010 3485 1083 3549 suis.

164 3605 251 3669 1315.
285 3603 352 3668 lloo
372 3604 429 3667 sub
449 3621 526 3686 rege
546 3603 636 3686 lupus
658 3603 762 3666 metuit
782 3601 946 3684 suspendia
966 3619 1093 3683 pauper,

368 3719 493 3784 Absolvi
516 3717 636 3801 dignus,
658 3717 684 3782 si
707 3717 780 3781 dare
802 3719 901 3801 possit
922 3735 1027 3794 ovem;

286 3836 320 3901 Si
341 3835 414 3900 dare
435 3841 541 3918 posset
562 3851 650 3899 ovem
671 3834 808 3899 furtivam
829 3852 885 3897 seu
906 3833 1078 3912 violentam,

369 3951 504 4016 niblatam
525 3951 646 4030 viduae,
667 3957 739 4014 tuno
759 3955 824 4014 erat
846 3949 959 4031 absque
979 3956 1066 4027 nota3

288 4068 348 4142 Qui
369 4066 497 4132 tondere
518 4084 613 4150 pecus
635 4073 754 4151 poterat
773 4067 862 4150 lupus
877 4073 909 4130 et
926 4065 998 4130 dare
1014 4066 1111 4131 lanam

166 4183 253 4248 1320.
370 4183 513 4264 Noverat,
534 4183 585 4248 hio
604 4185 722 4262 insons,
743 4182 794 4246 hio
816 4201 874 4246 ove
896 4180 1005 4266 dignus
1028 4187 1101 4246 erat.
