2912 4976
661 559 683 566 ,⁸
724 455 797 532 110

211 665 387 733 conponunt.
400 659 1321 739 Adsingulosquodattinetimprimisquaerendumntrumlolsanni

210 769 306 820 nostro
324 763 457 822 Varronis
472 763 574 821 luerint
594 765 658 822 libri
674 767 754 825 nobis
770 785 826 826 non
842 769 1010 844 superstites.
1043 767 1204 824 Tlsorlaeius
1216 785 1242 840 p.
1257 760 1316 822 107

211 865 326 922 credidit
337 867 362 922 ei
373 867 459 924 lectos
470 883 531 922 esse
542 868 628 926 libros
634 871 830 945 Antiquitatum
837 874 994 932 Divinarum
1006 872 1231 940 etllumansrum,
1243 870 1317 942 quod

209 977 293 1042 nupt
309 971 334 1026 l.
347 969 537 1028 llllrahnerus
549 973 575 1028 in
587 973 738 1034 comment.
756 977 791 1032 de
801 978 834 1033 ll.
846 979 907 1033 l'er.
919 971 1054 1034 Varronis
1065 976 1167 1048 nunqu.
1178 990 1234 1030 rer.
1245 974 1316 1029 hum.

208 1079 237 1130 et
253 1075 309 1130 slis.
332 1073 409 1131 lilsris
436 1092 462 1148 p.
485 1067 533 1130 30.
577 1077 631 1132 Sed
653 1077 699 1134 ulti
720 1080 747 1136 in
768 1081 845 1137 libris
867 1082 911 1138 vel
932 1079 1091 1152 iiagmenlis
1113 1077 1178 1135 alibi
1200 1077 1317 1132 servatis

209 1177 299 1234 Varro
322 1179 423 1235 llussei
444 1177 597 1237 doctrinam
618 1183 759 1254 retulerit,
781 1199 823 1240 me
845 1183 935 1242 adhue
955 1183 1038 1254 fugit,
1066 1197 1229 1255 quamquem
1250 1181 1315 1252 plu-

208 1283 289 1354 rima,
322 1299 391 1356 quae
417 1283 453 1340 de
474 1284 599 1342 Varrone
631 1293 659 1342 et
685 1305 720 1342 es
747 1287 873 1344 Varrone
901 1287 992 1356 affert,
1023 1284 1180 1358 Augustino
1214 1284 1316 1339 debere

208 1393 316 1460 potest,
348 1387 393 1443 cui
420 1387 474 1452 (sle
500 1389 559 1444 Cia.
582 1389 632 1446 Dei
653 1389 700 1462 vt,
722 1383 760 1457 2)
791 1393 873 1446 etism
899 1389 1093 1446 describendi
1114 1403 1230 1460 genere,
1258 1403 1315 1458 quo

208 1489 445 1560 utebatuerrro‚
465 1491 595 1561 judicium
608 1493 647 1558 (v.
664 1487 757 1559 1180)
779 1510 809 1550 se
830 1493 932 1550 debere
953 1494 1013 1565 ipse
1034 1492 1174 1550 lohannes
1195 1490 1314 1563 prolite-

208 1599 252 1650 111
274 1593 372 1650 Polior.
396 1593 454 1664 Vll,
477 1589 507 1656 9.
534 1612 562 1668 p.
585 1589 657 1652 376,
708 1597 795 1654 Etiam
816 1597 931 1668 lloysen
952 1596 1063 1652 llusaeo
1089 1600 1155 1652 nutu
1181 1595 1313 1664 majorem

207 1696 348 1770 praedicat
367 1697 533 1766 Augustinus
560 1697 595 1754 de
617 1699 675 1756 Cis.
703 1701 753 1757 liei
774 1699 874 1771 Xlllll,
901 1692 951 1756 37.
999 1699 1093 1771 Neque
1119 1704 1210 1754 tamen
1236 1697 1313 1764 novi,

207 1799 253 1856 ubi
275 1798 309 1855 de
331 1799 432 1856 llusuei
454 1801 563 1858 nomiae
583 1802 692 1874 lloyses
714 1819 813 1860 nomeu
836 1805 952 1860 traxisse
973 1802 1093 1859 creditus
1119 1802 1171 1872 sit,
1198 1807 1313 1858 contra-

207 1904 275 1960 rium
304 1901 477 1960 contendisse
503 1903 623 1961 ludaeos
651 1913 774 1978 constet,
807 1907 865 1962 siue
897 1907 984 1980 ipsum
1010 1907 1125 1977 lloysen
1157 1922 1173 1960 a
1199 1904 1313 1960 Graecis

205 2005 342 2063 ilusaeum
364 2023 425 2062 esse
446 2008 610 2081 appeliatum
636 2009 695 2065 sive
715 2011 854 2066 llusaeum
874 2010 919 2066 vel
941 2009 1078 2082 Orpheum
1100 2008 1205 2080 lloysis
1228 2007 1312 2064 lnmse

206 2109 366 2182 discipulum
403 2109 567 2180 arguebant,
600 2111 687 2176 (lius.
720 2113 814 2185 Praep.
847 2113 895 2169 liv.
917 2111 973 2182 lll,
1005 2130 1030 2168 c.
1053 2106 1147 2169 6-8
1179 2116 1208 2166 et
1235 2105 1310 2176 27).

206 2229 292 2286 quare
320 2212 475 2269 llerlsstium
503 2229 606 2286 sequor
633 2223 788 2272 mouentem
814 2235 842 2275 v.
876 2209 953 2272 1191
978 2217 1044 2274 nihil
1065 2217 1139 2273 aliud
1161 2215 1312 2287 significari

206 2317 257 2374 nisi
295 2317 408 2388 lluysen
446 2318 527 2373 etism
566 2319 703 2376 Musaeum
741 2337 801 2378 esse
845 2323 1017 2395 appellatum.
1081 2320 1122 2377 De
1158 2319 1311 2390 allegorice

205 2421 337 2478 librorum
379 2421 561 2478 illosaicorum
609 2423 834 2496 interpretatione
881 2441 936 2482 non
979 2432 1041 2495 est,
1090 2424 1166 2497 quod
1215 2423 1310 2478 addcm

205 2525 252 2592 iis,
280 2540 349 2597 quae
371 2525 405 2581 ad
427 2543 452 2580 v.
479 2519 536 2582 185
560 2526 703 2599 disputavi.
749 2529 915 2599 Ciceronis,
938 2529 1049 2602 dequo
1072 2534 1136 2601 post
1157 2526 1312 2583 Varronem

206 2629 273 2699 agit,
295 2627 416 2701 inprimis
438 2628 472 2684 de
496 2628 597 2686 Nutura
618 2630 738 2688 Deorum
759 2632 842 2688 etde
863 2631 930 2688 Fato
952 2632 1038 2689 libros
1064 2630 1166 2704 respici
1187 2635 1310 2703 apparet.

206 2731 286 2799 Quod
308 2731 341 2788 de
366 2731 486 2788 moribus
509 2732 566 2790 eius
588 2733 728 2806 protertur
745 2734 887 2808 judicium,
909 2752 1003 2792 rursus
1023 2734 1169 2806 Augustini
1190 2740 1242 2804 est,
1264 2733 1310 2804 qui

205 2835 386 2906 Confesslll,
409 2829 436 2891 7.
470 2835 558 2904 „luter
579 2837 641 2907 hos,
663 2838 760 2910 inquit,
782 2838 963 2905 (causidicos)
986 2837 1121 2894 imbecilla
1138 2842 1203 2893 tunc
1220 2842 1310 2893 aetate

204 2939 343 2996 discebam
360 2939 446 2994 libros
469 2939 651 3012 eloquentiae,
673 2941 699 2996 in
712 2958 765 3013 qua
787 2941 905 2997 eminere
922 2941 1075 3014 cupiebam,
1097 2946 1124 2997 et
1140 2942 1241 2998 usitalo
1253 2942 1310 3011 jam

205 3043 326 3100 discendi
350 3042 447 3098 ordine
470 3059 646 3114 perveneram
669 3044 696 3100 iu
717 3045 814 3101 librum
836 3045 970 3118 quendum
997 3045 1135 3102 cuiusdam
1157 3044 1309 3115 ciceronis,

205 3147 281 3202 cuius
303 3145 424 3216 linguam
445 3145 503 3200 lere
526 3162 619 3202 omnes
642 3146 786 3217 mirantur,
808 3153 903 3220 pectus
924 3165 980 3204 nun
1006 3147 1069 3205 itu.“
1112 3149 1198 3217 Quem
1218 3151 1308 3206 locum

204 3265 239 3304 ex
272 3264 325 3304 ven
350 3247 458 3304 lleosde
487 3248 708 3322 Eucpclopaediu
730 3249 764 3322 ll,
791 3267 817 3324 p.
843 3243 901 3306 114
929 3251 993 3308 milti
1015 3253 1200 3326 suppeditavit
1225 3269 1309 3324 gym-

204 3354 272 3410 111111
300 3353 368 3409 civis
389 3352 476 3408 liauss
509 3352 536 3408 in
569 3355 732 3427 apographo
762 3372 776 3411 a
804 3354 876 3410 vitiis
908 3357 1054 3429 purgando
1083 3373 1187 3414 mecum
1222 3373 1311 3413 oceu-

204 3463 294 3532 patus.
337 3457 406 3514 lllud
434 3455 591 3522 Quintiliani
623 3457 738 3530 denique
770 3459 804 3515 de
824 3459 931 3516 Seneca
959 3459 1106 3532 judicium,
1139 3460 1213 3534 quod
1244 3460 1307 3515 lust.

204 3567 274 3618 orel.
297 3559 333 3630 X,
359 3554 417 3616 125
440 3577 498 3633 sqq.
522 3561 633 3632 legitur,
655 3563 741 3634 magis
765 3569 806 3620 est
827 3568 936 3633 uotum,
959 3580 1039 3637 quam
1061 3564 1137 3636 quod
1157 3564 1202 3620 hic
1224 3579 1308 3636 repe-

204 3671 283 3721 tatur.
338 3664 427 3720 Versu
454 3679 523 3720 vero
549 3657 625 3720 1261
655 3681 711 3721 non
740 3665 774 3722 ud
797 3665 1002 3736 Quintilianum,
1031 3667 1080 3723 scd
1107 3667 1141 3724 ad
1168 3667 1308 3738 Caligulae

204 3768 305 3825 dictum
333 3766 406 3840 apud
432 3768 505 3824 Suet.
529 3767 615 3840 Calig.
638 3785 660 3824 o.
685 3761 723 3824 53
746 3769 846 3841 respici
868 3768 972 3842 reperit
992 3770 1163 3843 Bernuysius.
1207 3771 1306 3828 Omnes

204 3873 366 3946 scriptores,
389 3887 458 3944 quos
474 3871 519 3927 hio
541 3872 671 3942 nominat,
693 3871 772 3928 uobis
794 3873 955 3944 superstites
978 3874 1057 3930 etiam
1078 3873 1196 3932 iohanni
1216 3875 1306 3930 lectos

204 3987 274 4044 esse,
297 3969 456 4030 Tliorlacius
479 3970 585 4028 videtur
610 3969 733 4026 elicuisse
755 3988 782 4042 p.
806 3964 970 4026 94-100.

595 4141 901 4164 m
