2924 4974
821 479 871 560 38

172 679 226 788 ⁰¹⁸⁰*
238 691 318 790 :1⁸¹²
326 682 368 720 ⁸⁵*
377 679 462 742 1035.
496 679 630 744 Absolvit
650 681 728 744 ratio
748 697 813 744 rem
835 699 927 744 verae
948 683 1146 766 simplicitatis

172 763 239 800 ’Μ
284 757 316 788 ⁸⁸⁸
333 757 368 790 ω’
579 797 617 860 lit
637 795 782 879 quicquid
803 798 886 862 uullo
908 798 1052 864 claudere
1073 799 1132 862 line
1154 799 1262 881 potest.

497 911 587 990 Quod
608 931 683 976 vere
704 913 843 996 simplex,
865 913 949 978 nullo
971 921 1053 980 rnotu
1073 916 1220 990 vadatur,

577 1029 647 1094 lion
670 1031 839 1111 antiquatur
859 1035 1008 1112 tempore,
1029 1049 1151 1112 semper
1171 1027 1261 1092 idem.

494 1145 630 1210 Alternat
651 1143 780 1210 mundus
801 1144 895 1208 iacies
915 1148 1074 1228 nescitque
1095 1163 1220 1210 manere

374 1263 461 1328 1040.
577 1261 616 1326 Et
632 1261 752 1344 perimit
766 1265 894 1344 tempus,
917 1262 1061 1344 quicquid
1078 1263 1117 1326 ad
1132 1279 1205 1326 esse
1220 1262 1312 1323 vocat.

497 1377 606 1443 Omnia
625 1377 671 1440 sic
692 1378 723 1441 in
745 1395 781 1442 se
801 1378 941 1458 redeunt,
962 1381 1007 1442 sio
1028 1380 1100 1463 lege
1121 1378 1249 1462 perenni

577 1493 713 1559 Numinis
735 1495 850 1558 aeterni
871 1501 1070 1579 perpetuatur
1091 1513 1178 1578 opus.

171 1631 284 1678 oenum
301 1633 320 1671 u
333 1633 371 1672 iao
496 1611 618 1676 Summa
638 1615 741 1674 tenent
760 1613 874 1693 superi,
895 1611 996 1676 medio
1014 1614 1099 1695 jaret
1112 1606 1314 1680 monnulus,

577 1727 615 1792 Et
635 1724 752 1790 medios
774 1727 865 1791 orbes
886 1727 986 1792 incola
1007 1728 1118 1810 dignus
1138 1729 1237 1792 habet.

170 1845 464 1910 nmnuimumqqpq
497 1843 626 1928 Spiritus
646 1845 678 1908 in
700 1845 817 1908 cunctis
838 1845 994 1908 elementis
1016 1851 1063 1908 est
1082 1851 1114 1907 et
1133 1847 1164 1908 in
1185 1841 1272 1907 nstris

577 1959 695 2042 Cuique
716 1977 801 2040 snus,
823 1961 966 2025 mundum
987 1963 1110 2044 spiritus
1132 1978 1209 2024 unus
1232 1955 1299 2038 agit

493 2076 640 2142 ilammus
661 2075 720 2156 hio,
743 2095 849 2140 omnes
872 2077 921 2140 alii
941 2084 1012 2141 sunt
1032 2077 1237 2162 particulares,

577 2193 633 2256 llic
653 2199 758 2272 totum,
778 2193 886 2275 reliqui
901 2193 1021 2276 singola
1036 2195 1169 2257 membra
1183 2191 1312 2261 movent3

495 2309 599 2373 Omnis
621 2309 701 2372 enirn
721 2311 811 2393 regio
832 2311 965 2393 propriis
987 2315 1034 2372 est
1052 2311 1143 2392 plena
1165 2307 1288 2382 colonis,

371 2427 459 2492 1050.
576 2424 623 2489 De
645 2443 773 2508 quorum
795 2433 877 2490 motu
897 2426 989 2490 rebus
1012 2426 1102 2508 origo
1123 2427 1213 2489 vonit.

169 2559 223 2606 cun
237 2561 286 2608 iant·
306 2563 369 2600 ono·
493 2543 558 2608 Acir
579 2549 740 2624 corruptus
761 2543 831 2606 solo
851 2548 999 2625 purgatur
1020 2543 1057 2605 ab
1078 2543 1162 2624 igne,

233 2637 307 2682 ''⁰¹⁸⁸‘'
578 2660 693 2742 Purgat
712 2666 744 2722 et
763 2658 894 2723 iniectae
915 2660 1039 2722 crimina
1060 2664 1159 2721 motus
1182 2673 1282 2739 aquae.

493 2775 586 2840 Diluit
608 2775 686 2840 hoec
707 2782 807 2840 terrac
828 2775 948 2854 sordes,
969 2791 1020 2838 res
1042 2774 1154 2836 celsior
1176 2774 1269 2838 omnis
1434 2809 1436 2868 γ

578 2891 702 2959 Subdita
722 2893 768 2954 sic
789 2897 900 2974 purgat
920 2896 1029 2954 cuncto
1049 2890 1158 2970 vigore
1179 2908 1245 2954 suo.

372 3010 460 3072 1055.
495 3007 615 3074 Celsior
635 3009 784 3073 interdurn
805 3007 955 3070 sordescit
976 3007 1013 3070 ab
1034 3005 1181 3086 inferiori,

575 3124 632 3189 Aet
652 3127 755 3208 iguem
776 3143 885 3208 purum
906 3125 947 3186 nil
968 3123 1120 3187 maculare
1141 3129 1251 3205 potest.

492 3243 600 3306 Purius
617 3240 678 3305 hoc
692 3243 766 3305 nihil
782 3247 837 3321 est,
860 3242 911 3322 qui
928 3240 1036 3304 sordes
1048 3240 1191 3322 decoquit
1203 3253 1312 3312 omnes,

575 3357 661 3421 Unde
682 3359 783 3422 locum
804 3377 952 3421 summum
972 3377 1023 3421 res
1034 3358 1197 3420 Deilormis
1219 3356 1311 3419 habet.

181 3499 236 3546 olor
249 3499 357 3538 niumm·
494 3475 556 3538 Res
577 3475 756 3538 sublunares
778 3476 861 3538 nasci
883 3481 966 3538 motu
986 3476 1178 3557 superiorum

168 3575 346 3678 ⁰³⁰¹¹⁸1⁸1¹ffif¹⁸u⁹
348 3581 461 3655 ‘'1060.
578 3590 712 3670 Constat,
734 3597 765 3653 ct
779 3592 931 3654 immotum
949 3597 1056 3654 cuncta
1074 3607 1199 3653 movere
1210 3591 1311 3654 Deum.

198 3738 246 3785 onia
264 3743 337 3778 aaran.
495 3707 676 3790 Principium
699 3713 798 3770 motus
819 3725 920 3769 rerum
942 3714 1048 3772 natura
1068 3712 1205 3784 vocatur,

574 3823 629 3886 Est
650 3824 679 3886 in
701 3829 826 3888 naturae
847 3825 969 3887 nomino
991 3841 1083 3888 causa
1104 3824 1209 3902 latens,

433 4125 465 4176 V.
484 4126 557 4177 1059.
576 4141 733 4190 superorum
753 4129 780 4186 ir,
800 4129 965 4189 superiorum
983 4127 1132 4189 rn-nrg.
1153 4127 1229 4191 Quod
1243 4128 1313 4178 deest

367 4191 393 4242 in
412 4193 473 4252 liin,
492 4199 604 4254 aguntur
622 4200 695 4246 motu
712 4197 768 4254 Lm,
789 4199 861 4245 motu
880 4208 939 4256 sup.
959 4197 1149 4257 agnatorum
