2924 4974
790 461 839 540 36

726 567 899 577 ..—-—-—-

462 662 624 728 Naereus
635 669 668 728 ut
677 663 820 728 mundum
831 671 926 730 totum
936 665 1025 746 regit,
1035 665 1140 748 implet
1149 672 1180 729 et
1190 663 1295 746 ambit,

359 781 430 843 999.
548 781 599 845 Sic
622 780 739 845 animae
761 797 874 864 eorpus
895 781 1033 846 subdnu
1054 800 1143 845 omne
1165 801 1254 846 suae.
1361 869 1365 872 -

461 895 601 962 Materies
623 899 741 962 ammae
762 896 882 962 diversa
903 898 1018 977 subest,
1039 897 1206 980 eademque

545 1015 591 1078 Ex
612 1012 767 1078 individuo
790 1019 837 1078 est
858 1013 1043 1095 dividuoque
1064 1015 1162 1092 simul,

461 1129 602 1212 Moieque
624 1147 776 1212 corporea
796 1132 941 1212 premitur
960 1131 1055 1194 virtus
1077 1131 1257 1209 animarum,

543 1245 620 1310 Hinc
631 1247 738 1328 magia,
753 1244 824 1309 inde
836 1247 943 1326 murus,
965 1252 999 1310 ut
1010 1265 1082 1314 earo
1090 1248 1195 1328 juncia
1207 1249 1289 1310 sinit.

137 1365 335 1476 amasam
358 1359 428 1424 985.
462 1361 598 1444 Suntque
620 1361 681 1428 duo
704 1367 802 1428 morus
823 1379 972 1426 erroneus
993 1365 1177 1440 errationis,

330 1467 333 1476 ’
544 1478 600 1542 iiie
620 1479 703 1560 nigei
723 1479 755 1542 iu
776 1481 910 1558 summis,
932 1480 1007 1542 alter
1028 1479 1066 1543 ad
1088 1481 1146 1542 ima
1166 1481 1267 1542 trahit.

464 1595 540 1658 Sum
558 1595 742 1659 immortales
764 1596 891 1673 arumde,
913 1613 1088 1677 corpusque
1112 1595 1262 1660 caducum

546 1713 657 1789 inierit,
679 1718 710 1774 et
730 1710 851 1775 tandem
871 1712 997 1793 pristina
1017 1712 1078 1774 vita
1099 1712 1184 1775 redit.

461 1828 587 1891 Pristina
608 1828 668 1890 vita
689 1827 777 1906 redit,
800 1845 868 1890 eum
889 1828 992 1909 magni
1012 1830 1157 1892 terminus
1179 1830 1248 1890 anni

354 1945 425 2008 999.
541 1943 588 2008 Ad
613 1945 740 2026 primum
761 1948 886 2007 revocat
906 1943 1007 2008 sidera
1028 1949 1137 2006 cuncta
1158 1945 1270 2007 locum.

456 2060 563 2124 Annus
574 2067 646 2124 tune
656 2065 784 2124 renovat
793 2077 891 2123 novus
903 2061 1013 2137 omnia,
1035 2077 1168 2142 corpora
1177 2077 1287 2123 rursus

540 2175 702 2258 Aeeipiunt
723 2177 850 2253 animae,
872 2182 1008 2258 tempora
1028 2176 1100 2258 lege
1122 2177 1225 2240 fluunt.

458 2291 490 2358 Si
511 2299 659 2357 renovant
680 2290 823 2356 mundum
845 2291 919 2354 eolis
941 2293 1092 2374 lunaeque
1108 2309 1261 2367 recursus,

541 2411 660 2474 Fortius
682 2407 743 2472 hoe
764 2407 877 2470 sacient
896 2408 997 2471 sidera
1019 2415 1128 2471 cuneta
1149 2408 1244 2470 simul.

353 2525 424 2588 995.
459 2525 614 2589 Praesidet
634 2525 753 2590 humori
774 2541 853 2606 vaga
866 2523 1003 2606 Cynthia,
1025 2525 1134 2605 solque
1157 2525 1259 2601 calori,

539 2641 655 2706 Humor
675 2641 712 2704 ab
734 2640 876 2724 adjuncto
899 2647 1008 2704 cuneta
1029 2641 1132 2704 calore
1153 2641 1239 2722 parit.

134 2778 162 2818 n.
178 2780 233 2818 ..na
250 2782 297 2819 ..m
314 2787 332 2820 a
458 2757 593 2821 Lunares
613 2757 690 2820 radii
711 2775 819 2822 earnes
841 2757 1017 2838 fructusque
1038 2763 1185 2839 perurunt

147 2851 321 2972 ’ἶζζζωᾚῗῗ
541 2875 579 2938 ut
598 2875 712 2951 vitiant,
734 2873 835 2937 radius
857 2874 931 2937 solis
954 2876 1089 2954 utrisque
1110 2873 1199 2936 iavet.

177 2993 290 3034 999911·-
459 2988 510 3053 Sic
531 2989 682 3054 mundana
702 2991 782 3073 perit
802 2991 960 3072 sapientia,
982 3007 1116 3070 veraque
1137 2988 1263 3071 prodest

337 3106 425 3168 1000.
540 3105 744 3187 Naturamque
765 3106 858 3184 iuvet,
880 3106 970 3187 piena
993 3107 1096 3170 calore
1116 3107 1183 3168 Dei.

458 3220 519 3286 Sed
531 3221 614 3285 odor
624 3223 788 3286 immensus
799 3239 918 3284 vermes
929 3224 1016 3304 parit,
1039 3229 1071 3286 ut
1086 3223 1138 3285 tibi
1153 3229 1282 3300 constet,

539 3338 699 3404 Scrutandi
721 3338 793 3420 quid
814 3339 903 3400 habet
924 3338 1138 3402 immoderatus
1161 3357 1253 3401 amor.

457 3453 509 3518 Sol
531 3453 613 3520 fovet
634 3462 664 3518 et
684 3457 821 3538 reprimit
840 3458 952 3533 visum,
979 3455 1049 3535 quia
1070 3455 1190 3518 sobrius
1212 3473 1282 3517 esse

539 3571 646 3650 Debet,
669 3574 720 3652 qui
741 3575 850 3656 satagit
871 3574 996 3654 mystica
1017 3573 1097 3634 scire
1118 3571 1184 3632 Dei.

334 3689 422 3752 1005.
456 3686 580 3752 Subdita
601 3689 667 3752 sole
689 3689 785 3768 vides,
807 3690 858 3752 ribi
879 3691 948 3753 luce
971 3695 1072 3750 ereata
1092 3693 1251 3770 patescunt

538 3805 655 3883 Divina,
678 3807 767 3888 plene
789 3805 887 3868 nullus
910 3811 1070 3885 utrumque
1091 3803 1180 3866 videt.

396 4088 429 4136 V.
447 4085 505 4137 987.
527 4083 590 4149 Arg.
614 4087 809 4138 immortalitate
833 4088 935 4138 animae
957 4087 1022 4146 Lm,
1049 4099 1091 4136 an.
1117 4086 1191 4135 imm.
1218 4087 1279 4143 Hm,

331 4166 469 4214 ceruorum
486 4153 548 4216 Lm,
575 4154 692 4215 corporis
709 4155 771 4203 Hm.
805 4156 838 4204 V.
856 4151 914 4203 997.
932 4151 996 4215 Arg.
1020 4159 1044 4203 et
1067 4153 1159 4204 officiis
1183 4166 1237 4203 eor.
1255 4157 1280 4202 et

331 4220 399 4281 sign.
418 4221 477 4270 add.
495 4221 553 4269 Lm.
604 4222 636 4271 V.
654 4219 712 4271 998.
732 4222 800 4271 favet
816 4221 877 4280 Hm,
896 4215 957 4270 iacit
974 4220 1003 4269 L.
