2924 4974
792 437 842 516 30

145 645 172 684 ὓ·
191 645 304 690 imma
326 645 345 678 ‘⁸
449 637 551 704 'i'radit
568 637 771 720 Anaxagoras
794 639 908 702 animas
929 655 970 702 ex
990 639 1115 704 traduce
1134 640 1220 704 nasci

169 715 211 760 ’μ’
223 713 317 758 ω’
532 753 569 818 Et
589 773 711 818 oausam
732 755 845 818 teneris
867 755 988 820 ossibus
1009 773 1081 819 ossa
1101 755 1177 818 dori.

448 870 539 948 Quod
550 869 589 934 do
606 889 699 934 carne
716 889 805 950 earo,
822 849 949 954 sangnis
964 870 1003 936 do
1018 873 1168 954 sanguine
1183 877 1295 948 manat,

343 987 414 1052 810.
532 987 653 1052 Transit
673 993 703 1052 ot
723 987 754 1050 in
776 987 913 1053 sobolem
934 994 996 1052 tota
1016 988 1114 1070 tigtnn
1138 994 1268 1071 patrum.

448 1102 550 1168 Sactio
571 1103 738 1186 partiendae
760 1121 873 1186 oorpns
895 1105 1010 1182 minuit,
1031 1103 1087 1167 sed
1108 1106 1139 1168 in
1155 1105 1253 1186 ipsam

530 1219 754 1302 Simplicitatem
776 1219 892 1283 animae
913 1222 1010 1284 sectio
1030 1220 1112 1285 nulia
1133 1219 1225 1296 oadit;

448 1336 486 1400 Ut
506 1335 590 1400 calor
611 1355 650 1400 ex
672 1341 769 1414 aestu,
789 1335 891 1400 lumen
912 1355 952 1400 ex
973 1335 1085 1400 hunnine
1105 1335 1220 1419 prodit,

532 1451 584 1518 Sio
605 1457 703 1516 ortam
725 1470 765 1516 ex
785 1468 848 1515 uno
868 1452 993 1534 spiritns
1015 1451 1091 1516 niter
1111 1452 1209 1515 habet

344 1568 415 1632 815.
449 1567 764 1652 Purahdosprohihot
779 1568 893 1632 animos
914 1567 953 1632 de
975 1567 1100 1632 traduce
1116 1567 1210 1646 orodi,

533 1685 617 1760 Quas
637 1683 720 1748 Dens
743 1683 871 1750 infundit
891 1691 922 1748 et
941 1684 1014 1748 iaoit
1030 1701 1129 1766 usqne
1144 1702 1249 1749 novas.
1346 1705 1350 1720 ·

447 1801 495 1866 Ex
515 1800 609 1865 nihilo
630 1799 705 1864 hunt
725 1807 755 1862 et
776 1818 857 1864 nuno
878 1801 910 1864 in
931 1818 1064 1883 eorporo
1086 1801 1217 1879 clausae,

530 1915 618 1982 Nono
639 1917 706 1980 sino
728 1917 909 2000 corporibus
931 1917 1018 2000 jassa
1038 1917 1169 1980 creantis
1190 1923 1297 1998 agunt,

448 2033 513 2100 Nee
533 2038 673 2116 pereunt,
694 2035 836 2114 qnoniam
856 2034 934 2098 ratio
951 2035 1109 2116 virtusque
1129 2033 1274 2115 perennis
1458 2027 1459 2034 ’

344 2148 417 2214 820.
532 2148 688 2228 Effieiunt,
708 2149 792 2212 utin
813 2149 860 2214 his
882 2154 1001 2214 constet
1019 2151 1121 2232 imago
1142 2148 1209 2211 Dei.

157 2277 185 2387 td·
198 2277 299 2318 annm.
313 2282 332 2316 o
447 2265 577 2350 Magnus
598 2265 778 2330 Aristoteles
799 2283 975 2330 sermonum
995 2265 1134 2348 possidet
1153 2271 1232 2328 artes

183 2349 316 2396 ⁰⁸⁰⁸⁸⁰‘¹”⁸'
530 2380 569 2444 Et
589 2381 628 2445 de
648 2382 790 2446 virtutum
811 2381 941 2446 culmino
963 2400 1074 2446 nomen
1095 2382 1195 2460 hahet,

446 2497 557 2564 Jndioii
577 2497 672 2562 hhros
693 2497 850 2582 componit
870 2505 900 2562 et
921 2498 1094 2562 inveniendi

531 2613 628 2693 Vera,
649 2610 805 2678 facultates
826 2620 889 2680 tres
909 2614 1090 2680 famulantur
1111 2613 1153 2676 ei:

344 2733 416 2796 825.
449 2730 596 2813 Physious
619 2735 666 2794 est
686 2737 848 2812 moresque
870 2730 977 2808 docet,
1003 2730 1059 2796 sed
1080 2729 1181 2811 logica
1203 2730 1296 2792 servit

531 2845 657 2910 Anetori
678 2863 800 2930 semper
821 2845 957 2910 oiiioiosn
978 2863 1047 2910 sno.

448 2961 531 3026 Haeo
552 2962 593 3026 illi
615 2979 726 3026 nomen
747 2963 905 3045 proprium
926 2961 997 3024 iaoit
1017 2979 1097 3041 esse,
1119 2962 1202 3043 qnod
1225 2963 1294 3026 olim

531 3079 634 3142 Donat
654 3079 780 3142 amatori
800 3097 888 3142 sacra
909 3077 1024 3160 Sophia
1044 3093 1101 3142 sno
1107 3099 1116 3154 3

448 3195 524 3260 Nam
546 3196 598 3276 qni
618 3195 785 3278 praecellit
805 3194 878 3258 tituli
901 3195 1068 3258 eommunis
1088 3193 1238 3258 honorem

346 3311 417 3376 880.
532 3311 684 3388 Vindicat3
706 3310 767 3374 hoo
787 3309 883 3374 fertur
899 3311 970 3392 jore
991 3314 1084 3392 potita
1104 3308 1198 3373 Maro.

146 3444 173 3483 υ.
192 3453 255 3524 enan
272 3445 344 3484 anto·
450 3427 511 3494 sod
531 3433 632 3490 tanen
652 3428 773 3505 erravit,
795 3425 866 3490 dnm
886 3425 1060 3490 sublunaria
1082 3443 1155 3490 oosn

219 3514 269 3551 '‘¹¹''
534 3542 668 3608 Credidit
689 3549 719 3606 et
738 3542 806 3606 iotis
827 3543 971 3606 ulteriora
990 3542 1069 3624 geri.

448 3660 517 3724 Non
540 3666 587 3722 est
607 3660 719 3724 arbitrii
739 3657 860 3720 libertas
881 3676 955 3722 vera
976 3659 1096 3736 creans,

533 3774 631 3850 Quam
651 3775 749 3840 solum
770 3774 861 3858 plene
883 3773 955 3837 dicit
974 3774 1088 3838 habere
1109 3773 1215 3836 Deum.

411 4009 444 4059 V.
462 4006 520 4059 80¹1.
537 4005 601 4069 Arg.
620 4021 649 4058 ex
664 4008 718 4058 Hm
737 4009 921 4070 depromptum
940 4008 1015 4058 deest
1031 4006 1057 4056 in
1067 4008 1125 4057 Lm.
1155 4002 1297 4056 vasor-

345 4073 394 4126 820
412 4076 438 4126 in
455 4076 476 4126 L
497 4073 609 4134 margini
630 4080 695 4124 sont
721 4076 855 4136 adscripti.
890 4074 922 4124 V.
940 4072 999 4124 821.
1016 4072 1081 4135 Arg.
1099 4073 1221 4135 dogmate
1237 4073 1297 4132 etus

345 4141 632 4268 {gpdmajlpr'ssgiagmih
658 4142 690 4190 V.
708 4139 767 4192 830.
784 4141 900 4192 vindicat
916 4141 954 4200 fl,
977 4140 1098 4191 vendicat
1113 4140 1144 4190 L.
1186 4139 1219 4190 V.
1237 4137 1297 4190 884.
