2924 4974
691 397 884 508 ..W

238 599 314 660 haec
336 597 486 678 adscmpla
506 603 590 660 sunl:
633 597 741 674 „lianc
762 597 871 662 unsa
891 595 1046 662 canina
1066 595 1191 660 donico
1200 593 1353 658 llicordo

237 702 276 766 ilc
291 699 369 782 noy
386 699 543 784 Episcopo
557 701 695 766 Decrius
719 703 792 766 escit
812 699 948 764 Hichocl
967 699 1074 764 snam
1093 699 1206 763 Sancti
1225 697 1354 762 Arcana·

236 805 278 868 nh
302 804 520 868 memoriam
543 805 701 887 praedicti
731 805 879 888 Episcopi
909 821 994 868 cano
1019 804 1144 868 Domini
1175 802 1352 866 liiiio-rimo

237 909 356 976 wem
377 907 487 972 xiva
505 911 592 972 circo
609 909 858 990 predflcmicnem
866 905 988 974 Beatoc
1003 906 1192 989 Viryiniaff)
1233 905 1352 970 Codex

236 1015 286 1080 illc
313 1013 559 1078 membranaceus
588 1013 685 1078 lorma
713 1013 841 1076 maxima
868 1029 949 1078 nnnc
977 1013 1007 1076 in
1033 1011 1142 1075 lluseo
1164 1011 1351 1076 Britannico

236 1121 308 1198 (13.
329 1121 366 1184 D.
390 1117 438 1182 tv,
460 1117 512 1180 lcl.
534 1117 597 1181 209
616 1122 726 1195 recto)
764 1124 904 1183 serretur
935 1119 1013 1181 inter
1038 1116 1147 1193 libros,
1177 1117 1229 1196 qni
1251 1121 1350 1178 antea

235 1221 435 1286 bibliothecae
456 1223 571 1305 Regiae
599 1229 693 1287 erant
747 1224 835 1288 Plura
862 1222 998 1306 ejusdem
1026 1222 1158 1284 auctoris
1181 1235 1276 1300 opera
1303 1234 1348 1278 eo

236 1327 428 1390 continentur
448 1327 609 1402 haecfft)

324 1429 362 1504 1)
385 1429 554 1509 „iohannis
576 1429 808 1494 Sar-lehonensis
829 1431 1041 1513 Polycraticon
1073 1431 1138 1492 sive
1170 1427 1209 1490 de
1240 1427 1345 1508 nugis

251 1541 254 1548 ’
381 1531 545 1596 Coriallum
567 1538 597 1594 et
617 1533 753 1616 vestigiis
775 1533 1029 1614 Philosophorum
1050 1533 1117 1596 libri
1137 1532 1167 1594 8.

319 1637 362 1713 2)
384 1637 528 1719 Ejusdem
560 1636 765 1720 llelalogicon
797 1641 862 1702 sive
894 1639 1025 1720 logica,
1058 1636 1252 1716 Philosophia
1278 1641 1341 1698 etc.

379 1741 446 1806 libri
468 1741 497 1804 l.

318 1845 361 1919 3)
382 1843 525 1928 Ejusdem
556 1845 710 1910 linieticus
742 1847 807 1909 sive
840 1846 878 1908 ele
910 1846 1159 1926 philosophorum
1192 1845 1340 1926 dogmate

379 1948 456 2012 liher
476 1949 651 2014 metricus-‘⁴

317 2054 464 2116 Carminis
485 2053 580 2116 nostri
602 2053 686 2116 initio
706 2051 833 2136 legitur:

317 2157 449 2238 „Incipit
463 2156 626 2222 Entcticoc
641 2156 777 2236 mandem
792 2157 831 2222 de
847 2159 991 2238 morante
1003 2159 1283 2238 philosophmn.“

318 2263 351 2324 ln
373 2260 448 2325 line:

316 2365 476 2448 „Explicit
497 2361 661 2428 Enlclicnc
681 2367 826 2446 moniali-i
846 2366 999 2428 iohannis
1026 2367 1064 2428 de
1085 2364 1271 2430 Sarcahoio
1297 2362 1336 2427 dc

235 2473 378 2553 mamete
415 2465 667 2551 philosophorum
704 2469 805 2532 editos
843 2470 886 2534 ori
925 2469 1070 2534 raonem
1107 2469 1335 2534 cancellariam

231 2585 343 2656 poetro
364 2572 620 2638 Contunricnacm
640 2572 947 2656 Archiepiccopum.“

316 2678 385 2742 Non
406 2677 513 2740 cadem
536 2695 635 2756 manu,
657 2697 716 2758 qua
739 2679 799 2742 duo
822 2680 925 2762 priora
940 2680 1089 2743 ,iohannis
1110 2679 1207 2742 nostri
1231 2694 1334 2756 opera,

233 2783 294 2845 hoc
317 2797 438 2844 carmen
460 2779 604 2858 scriptum
628 2779 739 2857 videri,
767 2781 861 2844 reiert
889 2783 936 2846 vir
962 2781 1171 2861 doctissimus,
1204 2783 1334 2844 Thomas

233 2885 364 2968 Wn'ght,
396 2884 444 2946 cui
477 2882 592 2946 codicis
625 2884 816 2949 collationem
844 2885 959 2964 debeo,
991 2886 1045 2948 sed
1079 2893 1108 2948 et
1139 2888 1237 2966 ipsum
1266 2890 1334 2946 ante

233 2990 388 3054 saeculum
411 2987 622 3052 duodecimum
644 2987 774 3068 linitum,
801 2989 915 3052 Thema
936 2988 1177 3070 Archiepiscopo
1199 2989 1334 3052 nondum

233 3098 264 3158 in
297 3095 475 3160 Sanctorum
509 3091 624 3154 tabulas
656 3091 762 3156 relato.
806 3091 911 3158 llirum
945 3099 1006 3171 est,
1029 3095 1092 3176 jam
1118 3093 1169 3156 illc
1196 3100 1334 3173 tempore

235 3200 309 3263 duas
337 3197 487 3261 exstitisse
514 3201 654 3262 carminis
682 3203 880 3264 recensiones
907 3200 994 3264 valde
1022 3202 1099 3262 inler
1125 3219 1159 3262 se
1186 3199 1332 3263 diversas.

233 3304 331 3368 Multis
354 3305 433 3366 enlm
455 3303 530 3365 locis
553 3323 570 3366 a
591 3321 681 3367 manu
701 3323 764 3367 non
786 3305 971 3386 mquidem,
994 3303 1334 3380 cuitexmmdebemus,

234 3409 289 3472 sed
312 3414 566 3488 contemporanea
588 3409 618 3470 in
641 3410 777 3490 margine
800 3410 930 3490 suppleti
952 3415 1022 3471 sunt
1042 3425 1150 3472 versus
1172 3413 1203 3471 et
1223 3425 1333 3470 emen-

235 3513 302 3576 data
328 3511 447 3593 singola
473 3512 582 3591 verba,
614 3531 692 3592 quae
716 3529 778 3574 non
806 3514 837 3574 in
860 3512 1061 3575 describendo
1083 3513 1198 3574 incuria
1221 3514 1333 3574 omissa

234 3623 264 3678 et
284 3621 390 3697 postea
412 3635 451 3678 ex
473 3616 581 3680 eodem
604 3617 767 3697 exemplari
788 3617 925 3697 suppleta
942 3633 1012 3678 esse
1024 3623 1161 3696 possunt,
1185 3617 1254 3697 qula
1266 3637 1292 3678 e.
1302 3633 1331 3697 g.

234 3739 289 3802 pro
311 3721 449 3784 versibus
477 3741 505 3784 v.
529 3722 565 3782 91
584 3757 617 3766 -
633 3721 687 3798 96,
721 3721 771 3801 qui
804 3723 834 3782 in
866 3722 1003 3802 margine
1030 3727 1163 3795 exstant,
1192 3722 1221 3782 in
1250 3727 1333 3783 textu

300 3887 319 3952 ¹)
338 3887 393 3937 lias
419 3888 527 3939 notitias
554 3889 707 3950 conjunctas
734 3887 847 3950 legimus
874 3888 942 3950 apud
970 3889 1018 3938 Th.
1037 3888 1159 3948 weston,
1176 3887 1284 3948 llislory
1307 3889 1334 3936 ol

333 3974 442 4036 English
461 3979 559 4036 poetrr.
577 3974 687 4026 London
708 3969 781 4023 issa.
801 3974 822 4034 l,
840 3987 866 4035 p.
885 3973 939 4024 CX.
957 3974 973 4023 4
990 3974 1048 4023 Vll.
1066 3987 1092 4022 n.

284 4059 318 4125 '·)
337 4060 362 4112 Α
379 4063 516 4124 catalogue
534 4061 620 4112 nithe
638 4061 816 4122 manuscripts
841 4062 869 4110 or
888 4061 932 4110 tha
955 4061 1039 4123 klng's
1062 4059 1170 4122 librari,
1198 4059 1230 4121 hy
1247 4061 1330 4111 David

335 4149 433 4211 Carion.
451 4149 560 4200 london
580 4145 653 4198 1734.
672 4159 698 4208 p.
717 4144 774 4198 326.
795 4145 835 4196 13.
853 4146 885 4197 lt.
904 4145 949 4196 lv.
