2924 4974
742 459 916 576 *rs—-

453 663 581 730 Omnem
603 681 672 728 cum
691 663 792 728 solvet
812 662 965 730 confessio
988 681 1064 745 pure
1084 668 1199 726 rentum

537 779 575 844 Et
594 779 675 844 luvet
694 781 830 846 interum
852 781 977 844 crisim
998 787 1107 844 cuncte
1128 779 1224 858 dolor,

454 895 520 960 iioo
535 897 638 962 scetus
654 895 788 962 excludit
796 897 925 976 venium,
946 915 1137 980 poenamque
1158 902 1298 974 meretur,

537 1011 634 1088 Quum
656 1029 749 1095 prece
763 1013 813 1078 vei
828 1013 927 1097 pretio
942 1013 1067 1078 ilectere
1082 1031 1172 1078 nemo
1187 1019 1297 1096 potest.

349 1129 419 1194 475.
454 1129 585 1194 Crimine
607 1131 781 1196 criminibus
803 1131 943 1210 cumulet,
964 1131 1042 1194 mue
1063 1135 1151 1214 gestu
1170 1129 1256 1192 interi

535 1245 678 1330 rtegttgtt,
700 1247 843 1312 obsorbet
863 1253 934 1312 von
955 1264 1126 1330 precesque
1147 1247 1244 1325 timor,

453 1363 638 1430 Clementem
650 1364 941 1447 nequiesselieum,
961 1381 1021 1428 neo
1029 1380 1158 1446 parcere
1169 1381 1298 1446 pronum

536 1479 651 1564 Cutpis,
672 1481 729 1546 sed
749 1479 892 1564 cupidum
913 1479 1070 1562 sungurinis
1092 1497 1162 1544 esse
1183 1485 1274 1563 putot

452 1597 599 1680 Principis
621 1595 730 1662 offensi
751 1597 851 1662 nutius
872 1597 918 1660 sic
939 1595 1054 1678 mitiget
1072 1596 1157 1675 uum,

347 1711 419 1776 too.
536 1713 700 1796 Sanguinis
721 1720 754 1780 nt
775 1713 855 1778 dicut
875 1731 998 1796 semper
1017 1713 1131 1778 hebere
1152 1711 1239 1775 sitim.

452 1829 571 1914 Desipit
591 1837 705 1908 orator,
727 1831 844 1896 animos
865 1831 1040 1912 quousque
1059 1827 1182 1894 ierooes
1284 1905 1287 1914 ¹

532 1947 648 2013 Judicis
669 1948 789 2029 alleget,
809 1953 844 2012 ut
863 1945 951 2010 ceint
969 1947 1015 2010 ire
1035 1945 1147 2028 grauis

451 2063 587 2128 Numinis
613 2071 660 2128 est
683 2065 841 2147 proprium
860 2063 998 2128 misereri
1018 2081 1140 2146 semper
1159 2063 1198 2126 ub
1218 2063 1297 2146 ipso,

535 2179 602 2244 tioc
623 2181 761 2262 quisquis
783 2186 930 2258 removet,
950 2180 1084 2262 denegnt
1103 2195 1173 2242 esse
1189 2179 1295 2243 Deum.

160 2319 214 2366 one
231 2321 335 2372 saprum
350 2295 419 2359 485.
457 2296 818 2379 Quinegutesselieum,
839 2297 930 2379 pinne
950 2297 1138 2379 blasphemat
1157 2302 1189 2360 et
1208 2297 1297 2379 ignes

538 2413 572 2476 in
592 2431 628 2478 se
648 2411 817 2490 succendit,
836 2413 895 2478 telo
915 2431 1101 2496 crucemque
1119 2419 1215 2496 parnt,

452 2529 602 2594 Provocat
621 2535 775 2594 uetemum
796 2536 935 2609 mortem,
955 2549 1046 2612 quum
1067 2547 1157 2594 nemo
1178 2549 1289 2594 cavere

535 2645 865 2728 Suffiotteisqneoeo,
887 2665 977 2728 quem
998 2645 1085 2710 iuror
1105 2665 1174 2710 esse
1196 2654 1296 2730 negot.

451 2761 573 2826 Proicit
593 2779 669 2845 ergo
692 2763 780 2826 bonis
797 2763 882 2846 jugis
903 2762 1057 2828 meditatio
1079 2765 1193 2842 mortis,

348 2878 419 2942 490.
535 2878 622 2942 Unde
642 2880 721 2961 perit
741 2879 858 2958 sunus,
881 2879 934 2960 qui
955 2880 1039 2942 timet
1059 2879 1173 2960 ubsque
1195 2879 1296 2943 modo.

187 3029 251 3067 „w
305 3035 343 3070 ..0,
449 2995 504 3058 Est
524 2995 670 3079 majestati
691 3001 795 3078 gratum
817 2995 926 3060 modus
947 2996 997 3060 ille
1018 2995 1151 3074 timendi,

534 3109 666 3176 Crimine
687 3113 738 3194 qui
759 3113 833 3176 vitet
853 3113 954 3176 omnio
974 3130 1121 3195 spemque
1142 3112 1234 3192 fovet,

451 3227 510 3302 oui
531 3228 644 3292 veritus
661 3229 776 3311 justum
797 3229 905 3292 recolit
924 3229 1043 3310 pietatis
1065 3229 1187 3293 etiude

532 3343 647 3408 Judiois
670 3344 809 3427 agnoscit
828 3361 941 3408 nornen
963 3351 993 3408 et
1012 3345 1084 3410 inde
1104 3346 1207 3428 putris,

346 3459 417 3523 495.
451 3460 570 3542 Quique
592 3462 747 3543 potestatis
767 3463 813 3524 sic
833 3462 908 3524 irem
928 3462 1009 3541 vitet,
1031 3468 1064 3525 ut
1084 3463 1174 3524 instet

533 3576 678 3641 Dulcibus
700 3576 855 3658 obsequiis
875 3579 1082 3660 promeruisse
1103 3586 1227 3662 putrem.

165 3719 252 3760 ornnem
269 3723 328 3760 vnn
452 3694 516 3758 Αόι·
535 3695 662 3774 subtilis,
684 3711 774 3776 quem
795 3699 898 3776 guttur
917 3693 1026 3758 formet
1046 3701 1078 3758 et
1098 3696 1161 3758 oris

536 3810 669 3894 Organa,
691 3811 742 3892 qui
763 3809 866 3874 sonitu
886 3811 985 3893 possit
1006 3811 1043 3874 ub
1065 3830 1138 3876 aure
1161 3814 1239 3895 capi,

412 4157 444 4208 V.
462 4158 520 4210 ott.
547 4159 661 4212 Omnem
683 4161 718 4213 ite
735 4161 761 4214 Η
783 4168 809 4214 ct
829 4165 850 4214 L
873 4161 1041 4229 (correctio),
1067 4164 1115 4215 ubi
1136 4164 1234 4215 dictum
1255 4170 1297 4215 est

345 4235 460 4276 cresum.
495 4227 527 4278 V.
537 4225 595 4278 tor.
613 4225 676 4291 urg.
687 4230 866 4292 probutoltm,
884 4229 1111 4298 proponemus
1126 4230 1228 4294 probuti
1237 4231 1296 4282 Lm.
