2912 4976
599 375 806 490 „aaa—

150 584 235 640 lalsos
262 583 417 640 nominibus
439 583 573 656 signifieat
593 585 679 658 Basii,
701 585 749 660 qui
770 602 795 642 v.
821 577 898 642 1581
924 583 1004 656 redit,
1029 583 1102 658 apud
1121 584 1200 642 Serv.
1223 581 1259 638 ad

151 687 249 759 Virgil.
272 687 374 760 Georg.
396 688 418 760 l,
450 681 520 744 210.
543 695 571 744 et
595 689 654 746 licl.
668 683 777 762 lll,90,
798 689 862 745 mali
882 693 973 762 poeta
994 686 1063 743 lama
1085 685 1209 758 msignb,
1231 691 1259 744 et

149 790 277 861 Dolonis,
305 791 487 863 speculatoris
508 791 580 848 illius
609 792 720 864 l'rojaui
747 792 782 848 ab
809 791 907 864 Ulysse
928 795 956 848 et
976 791 1107 848 Diomede
1128 789 1259 865 superati,

150 911 230 968 quem
251 893 385 966 Virgilius
406 895 473 952 heu.
494 893 562 967 Xll,
584 887 646 952 347
673 896 795 953 celebrat
816 895 887 962 (ubi
908 895 1019 952 Servius
1041 895 1098 952 eius
1119 894 1260 952 historiam

150 998 236 1054 lusins
268 998 472 1070 persequitur),
516 998 628 1056 Ovidius
660 1015 729 1056 vero
761 1005 791 1056 ut
822 999 955 1055 imbellem
988 999 1022 1055 ab
1054 998 1140 1072 hjace
1170 997 1261 1056 notari

150 1101 340 1173 lacit,bletam.
352 1099 426 1172 Xlll,
438 1094 489 1159 98.
504 1102 544 1158 Gi.
555 1102 633 1160 llour.
645 1103 679 1158 ll.
691 1095 799 1159 Χ.371.
811 1119 869 1176 sqq.
881 1103 972 1176 lleque
984 1109 1073 1160 tamen
1084 1118 1179 1159 omues
1189 1102 1260 1159 hos-

150 1205 221 1278 pites
237 1205 279 1260 his
295 1205 368 1262 vitiis
383 1206 554 1277 laborarunt,
570 1206 706 1262 sederant
723 1207 812 1280 etiam,
835 1207 882 1281 qui
897 1208 1012 1264 honeste
1023 1214 1052 1264 et
1065 1207 1214 1264 liberaliter
1229 1223 1260 1262 sc

150 1315 282 1380 gererent
293 1324 360 1380 erga
371 1308 492 1381 hospites
504 1309 642 1367 domicilia
653 1309 837 1368 conducentes
849 1313 890 1378 (v.
906 1304 1092 1376 1543—46).
1118 1311 1258 1380 Videmus,

150 1412 306 1487 hospitibus
328 1412 411 1470 luisse
437 1413 605 1486 disciplinam
628 1413 761 1486 quandam
784 1415 828 1472 ael
851 1414 985 1486 officinm,
1007 1420 1037 1472 ιιι
1058 1427 1149 1472 mores
1173 1415 1260 1472 scho-

151 1518 248 1574 larium
271 1518 459 1574 observarent.
483 1517 524 1572 Gl.
549 1517 640 1573 lluber
660 1518 682 1573 l.
705 1535 732 1590 p.
754 1511 824 1574 224.

236 1623 261 1676 A
283 1639 309 1678 ιι.
330 1616 409 1678 1547
431 1638 517 1694 usque
540 1621 573 1676 ad
587 1613 667 1678 1558
689 1621 828 1692 singulare
850 1621 1032 1695 hospitiorum
1053 1639 1141 1696 genus
1161 1639 1260 1696 perse-

151 1726 254 1798 quitur,
277 1726 352 1798 quod
374 1726 471 1782 domus
491 1724 665 1781 venerandae
687 1724 790 1780 titulum
813 1725 1077 1798 praeseferebat,
1099 1743 1259 1800 quamquam

151 1846 206 1885 nou
219 1846 344 1902 quaeque
366 1830 472 1900 domus,
495 1845 564 1902 quae
587 1829 659 1884 huuc
676 1828 780 1884 titulum
799 1829 969 1902 praetendat,
992 1829 1161 1886 meritissuis
1180 1831 1259 1887 etiam

151 1950 218 1990 arere
245 1934 402 1990 veneranda
436 1934 478 1990 sit.
530 1933 711 1989 Venerandae
739 1933 835 1988 domus
867 1933 1032 2004 singularem
1065 1938 1094 1989 ct
1125 1935 1260 1991 delinitam

152 2056 215 2096 esse
247 2039 495 2110 significationem,
536 2038 615 2094 etiam
648 2055 675 2094 ιι.
711 2029 790 2092 1553
824 2037 914 2094 docet.
974 2038 1101 2109 Ejusdem
1133 2038 1262 2094 vocabuli

155 2143 365 2208 (venerandus)
389 2144 541 2215 exemplum
564 2158 618 2198 uon
640 2141 748 2214 reperi,
770 2141 818 2196 sed
840 2147 958 2212 cognata
982 2157 1036 2198 vox
1059 2141 1261 2208 (venerabilis)

151 2247 186 2302 de
213 2247 265 2318 piis
292 2253 320 2302 et
351 2245 543 2302 ecclesiasticis
570 2244 697 2300 institutis
725 2244 822 2315 sapius
844 2244 961 2314 legitur,
993 2243 1113 2316 inprimis
1142 2246 1176 2301 de
1197 2263 1260 2303 mo-

150 2351 262 2420 nachis,
289 2366 314 2405 e.
347 2367 375 2421 g.
403 2352 464 2405 nitu
497 2348 675 2406 uenerabilis
702 2353 744 2403 est
772 2348 920 2403 monastica
953 2347 1106 2420 prolessio,
1138 2355 1165 2405 et
1202 2349 1261 2421 ipsa

150 2454 303 2508 monachus
326 2458 441 2510 vocatur
467 2451 654 2510 uenerabilis.
698 2451 801 2507 Domus
823 2451 987 2507 venerabilis
1014 2451 1102 2524 ipsum
1125 2459 1165 2508 est
1192 2454 1262 2510 hos-

151 2557 250 2630 pitium
278 2556 392 2613 liberum
420 2573 468 2612 seu
494 2555 697 2612 xenodochium
724 2555 752 2609 in
780 2555 827 2610 Cb.
855 2555 964 2611 llenriui
985 2555 1022 2610 lv
1042 2555 1107 2628 imp.
1130 2573 1156 2612 a.
1182 2549 1262 2614 1118

151 2679 194 2734 ap.
218 2661 313 2716 llurat.
335 2661 400 2716 Aut.
423 2660 485 2716 dtal.
509 2666 526 2716 t.
549 2659 595 2716 111.
629 2677 656 2731 p.
691 2652 769 2728 5793
802 2658 864 2716 vide
886 2657 1051 2714 Glossarium
1078 2661 1202 2716 manuale
1227 2661 1262 2717 ad

152 2765 247 2836 script.
276 2763 347 2818 med.
376 2769 404 2818 et
431 2763 477 2819 iul.
507 2764 565 2818 Lat.
589 2783 610 2819 s.
632 2763 659 2818 h.
682 2779 707 2816 v.
750 2761 790 2816 lle
816 2761 936 2834 hospitio
959 2778 1027 2818 vero
1055 2763 1143 2820 libero
1166 2764 1262 2837 pietati

152 2873 318 2924 consecrato
336 2867 417 2922 etium
433 2867 478 2923 hic
495 2866 670 2938 cogitandum
687 2881 747 2920 esse
763 2881 790 2920 ιι.
806 2858 885 2920 1554
897 2870 924 2919 et
937 2856 1016 2920 1593
1028 2866 1185 2939 ostendunt,
1207 2885 1261 2940 quo

152 2987 234 3027 sensu
257 2970 337 3026 etiam
350 2970 513 3026 vocabulum
536 2969 648 3042 hospitii
670 2969 851 3039 tumrulgare
872 2969 930 3024 luit.
953 2967 993 3024 Cl.
1015 2969 1183 3026 llulresnes.
1196 2972 1260 3029 hv.

151 3074 305 3147 Hospitium
333 3089 401 3131 vero
422 3074 651 3130 Academicorum
674 3071 799 3128 Oxouiae
825 3071 904 3126 etiam
926 3071 1034 3129 Domus
1062 3073 1260 3131 nominabatur.

152 3178 249 3236 Wood
271 3179 293 3249 1,
315 3195 343 3250 p.
369 3170 437 3233 108.
476 3177 575 3250 ltaque
597 3175 744 3248 hospitium
763 3181 806 3230 est
826 3174 1040 3246 intelligendum,
1062 3178 1147 3249 quod,
1169 3179 1193 3233 si
1207 3195 1262 3236 uon

153 3284 247 3353 solos,
275 3288 350 3338 corte
371 3298 438 3354 prae
461 3281 560 3337 ceteris
589 3281 707 3336 clericos
729 3281 773 3335 vel
797 3294 861 3350 eos,
889 3279 936 3351 qui
957 3279 1091 3336 ecclesiae
1112 3281 1262 3339 ministerio

154 3403 185 3442 sa
201 3386 267 3442 dare
290 3387 498 3456 constituerant,
520 3383 680 3456 recipiebat.
715 3382 796 3449 Quod
818 3382 914 3439 deinde
936 3381 1015 3438 huius
1036 3385 1146 3455 generis
1167 3388 1263 3458 sequi-

154 3496 198 3546 tur
216 3489 381 3561 exemplum,
403 3487 561 3560 hospitium,
585 3487 629 3564 cui
646 3491 744 3559 preest
756 3485 879 3556 Carinus,
903 3485 1012 3558 opinor,
1030 3486 1096 3542 illud
1113 3487 1199 3560 ipsum
1211 3495 1263 3559 est,

155 3593 203 3649 ubi
226 3591 362 3664 retugium
389 3592 531 3648 invenerat
555 3589 709 3660 lohannes,
741 3595 772 3644 ut
792 3607 819 3645 v.
846 3583 925 3646 1588
947 3589 1039 3645 docet.
1084 3589 1197 3648 Carinus
1219 3594 1263 3650 vel

154 3696 288 3752 Charinus
310 3695 338 3751 in
367 3693 484 3750 Terentii
510 3693 613 3748 Andria
636 3693 818 3748 adolescentis
845 3693 988 3749 honestum
1017 3709 1137 3750 amorem
1163 3710 1263 3767 perse-

154 3799 277 3873 quentis,
309 3799 336 3855 in
369 3799 455 3855 Plauti
476 3797 613 3854 Pseudolo
649 3796 769 3852 liberalis
801 3795 879 3852 amici
911 3802 1004 3867 partes
1036 3797 1104 3868 agit.
1150 3797 1263 3856 Carinus

154 3919 222 3960 vero
261 3902 333 3975 apud
361 3902 510 3958 Martialem
543 3901 622 3971 Vlll,
652 3892 707 3970 61,
750 3899 797 3955 ubi
835 3905 909 3955 certe
941 3915 1028 3972 neque
1064 3902 1262 3975 orthographia

154 4008 263 4064 diversa
286 4013 342 4078 est,
375 4007 458 4063 homo
481 4011 537 4075 est,
565 4005 611 4076 qui
632 4004 723 4060 livore
751 4004 898 4075 rumpitur,
926 4003 1022 4075 quibus
1049 4005 1170 4062 moribus
1192 4007 1262 4062 hos-

155 4110 237 4182 pitem
270 4126 346 4166 suum
374 4125 434 4164 esse
462 4108 517 4164 hoc
552 4106 660 4163 nomine
688 4112 785 4164 auctor
811 4105 920 4162 iudicat.
965 4107 1017 4173 Qui
1044 4107 1142 4166 deinde
1171 4124 1262 4165 mores

956 4199 994 4262 10
