2912 4976
675 458 860 574 --.th-

214 683 273 726 non
309 665 470 724 mumadam
511 666 611 739 (nug.
643 667 731 726 tuest
764 668 840 741 vnn,
874 662 929 740 26,
962 662 1017 740 27,
1050 659 1106 742 32,
1140 661 1213 735 33.)
1245 668 1320 724 tteo-

214 771 346 844 piatoniui
382 785 444 829 eon
482 769 601 828 tatano
638 775 666 828 et
696 770 854 832 Aristotelis
879 769 1008 830 institutis
1047 772 1227 830 mundarunt.
1282 771 1321 828 ot.

214 867 515 948 mmmmm

297 977 409 1036 zodieei
430 984 459 1035 at
479 977 647 1052 pinnatarum
668 979 741 1038 aetio
763 996 789 1036 v.
814 972 978 1037 loon-tt
998 980 1140 1053 quomdo
1161 979 1199 1036 ad
1222 985 1323 1036 terram

216 1083 365 1158 pertineat,
392 1081 468 1138 Plato
495 1081 561 1138 'tim
588 1097 614 1154 p.
641 1075 682 1140 36
709 1089 738 1138 et
763 1082 918 1140 chetoidins
943 1100 970 1156 p.
998 1077 1040 1141 58
1066 1084 1176 1140 doaent.
1221 1084 1324 1140 Terree

216 1201 285 1244 vero
307 1191 404 1243 natura
425 1183 512 1242 ninus
533 1201 603 1258 pura
624 1191 653 1242 et
673 1185 766 1244 diuina
786 1186 867 1244 etiam
887 1186 1026 1244 hominum
1046 1187 1160 1260 impedit
1180 1186 1324 1244 seientiam

215 1309 241 1346 v.
267 1283 345 1347 1075
357 1319 389 1330 -·
401 1282 490 1360 1092,
512 1287 547 1346 de
568 1305 621 1361 qna
642 1288 810 1346 conterende
830 1294 903 1360 suut,
924 1305 995 1362 quea
1015 1289 1133 1347 diximus
1154 1289 1192 1346 ad
1212 1307 1240 1347 v.
1252 1282 1324 1359 937,

214 1385 399 1464 adestote,
421 1393 468 1452 ubi
488 1408 558 1466 quae
579 1392 705 1466 exposite
727 1399 800 1464 eunt,
821 1393 959 1466 perdaent
979 1393 1061 1450 etiam
1080 1393 1118 1450 ad
1132 1393 1325 1451 illustrandum

215 1497 253 1568 id,
275 1497 349 1570 quod
371 1497 494 1571 nequitur
514 1498 549 1554 de
570 1497 724 1556 disommina
744 1496 815 1554 intas
831 1497 950 1554 divium
965 1503 994 1554 et
1013 1497 1156 1555 humanam
1170 1497 1324 1568 seientiam,

215 1618 242 1658 v.
273 1593 501 1670 1093-1109,
533 1600 585 1658 uisi
610 1600 686 1674 quod
711 1600 757 1658 hio
778 1601 859 1658 etiam
885 1599 989 1658 diabod
1015 1600 1116 1658 mentio
1143 1602 1190 1673 tit,
1222 1601 1324 1675 quippe

216 1705 263 1778 qui
284 1704 420 1778 qnondam
441 1706 555 1780 angeio·
577 1706 656 1779 ptura
677 1703 787 1776 quidem
809 1704 892 1775 seint,
921 1704 971 1762 sed
996 1704 1093 1762 taliane
1118 1704 1238 1762 studeat.
1283 1705 1322 1760 ct.

216 1809 303 1864 dietai.
326 1808 373 1879 tv,
396 1801 445 1864 31.

625 2403 658 2460 V.
684 2397 907 2462 1119-1164.

488 2569 533 2627 DE
561 2569 837 2628 notosntcontnt
863 2568 1046 2628 oocttttttt.

301 2952 404 3010 Nimiae
424 2952 557 3010 Arcesilai
579 2952 756 3027 dubitationi,
784 2971 864 3027 quam
890 2969 973 3028 snpra
995 2971 1022 3012 v.
1050 2947 1112 3011 726
1133 2953 1251 3026 respuit,
1278 2953 1321 3011 hio

217 3072 329 3131 quoqne
354 3061 385 3111 ut
410 3055 512 3129 prioris
539 3052 701 3113 Academiae
727 3056 828 3114 rationi
854 3057 969 3131 opponit
994 3056 1111 3114 aliorum
1136 3056 1321 3115 Academico·

217 3177 277 3218 rum
304 3157 464 3216 modestiam
490 3165 518 3216 et
544 3161 755 3233 temperantiam.
803 3161 875 3219 Satis
902 3165 1025 3234 oonatat,
1057 3160 1210 3219 doctrinam
1237 3178 1321 3235 prae·

217 3262 285 3322 terri
309 3279 325 3318 a
346 3261 471 3319 iohanne
492 3267 588 3320 nostro
611 3263 708 3321 tertiae
729 3264 902 3336 dondanine,
929 3263 1032 3338 quippe
1052 3281 1123 3338 quau
1143 3280 1200 3322 non
1222 3271 1324 3322 certam

219 3365 329 3440 quidem
354 3365 507 3424 hominibus
535 3367 701 3424 oonoederet
726 3367 880 3440 seientiam,
912 3367 977 3439 sed,
1008 3367 1061 3425 bae
1085 3369 1145 3424 Duo
1172 3374 1325 3440 reserante,
1445 3379 1446 3430 i

218 3469 480 3531 verisimilitudinem
512 3469 647 3543 quandam
680 3472 839 3544 nonientana
869 3470 1007 3530 nitentem.
1064 3471 1148 3530 liuius
1180 3471 1325 3529 doetrinae
1445 3461 1446 3510 1

217 3585 345 3634 amotores
377 3573 457 3630 uobis
490 3589 506 3630 e
532 3573 667 3631 Gioerono
698 3573 872 3632 innotescunt
903 3574 1101 3648 Clitomachus,
1132 3575 1208 3632 Philo
1242 3583 1324 3648 atque

217 3678 377 3737 Antiochus.
428 3676 503 3744 Quos
530 3693 591 3734 oum
616 3677 756 3736 iohannes
782 3694 838 3737 non
863 3677 1022 3751 moneret,
1048 3679 1198 3736 mirmdum
1225 3679 1259 3736 ab
1288 3697 1322 3737 eo

218 3787 346 3840 auctores
368 3780 475 3838 laudari
496 3780 568 3839 aiios
590 3780 670 3839 nohis
693 3781 803 3840 omnino
825 3781 947 3854 ignotos,
969 3781 1167 3854 Endymionem
1193 3789 1221 3839 et
1240 3782 1323 3840 Anti·
1445 3783 1446 3798 ¹

218 3886 347 3944 athenam.
396 3883 574 3955 Endymionis
602 3884 669 3943 aliea
696 3886 795 3944 nntium
824 3892 915 3944 exstat
936 3885 1089 3958 vestigium.
1135 3885 1322 3946 Antisthemm

217 4005 286 4048 vero
314 3988 429 4046 eundem
460 3987 544 4048 fuisse
570 3987 736 4061 putaverim,
769 4005 848 4062 quem
876 3989 1015 4062 Diogenes
1039 3989 1163 4048 Laertius
1188 3991 1322 4050 Rhodium

217 4098 246 4149 et
265 4091 427 4150 histonioum
447 4097 586 4166 nuncupat
606 4091 673 4164 (vt,
698 4085 763 4163 19),
785 4092 914 4166 cuiusque
941 4093 1039 4152 librum
1060 4093 1095 4152 de
1116 4094 1204 4152 Sentis
1224 4093 1321 4168 philo-

218 4197 368 4271 sophorum
395 4196 503 4271 saepius
529 4195 601 4256 idem
628 4195 758 4254 adhibuit.
801 4195 892 4271 tinne,
919 4212 998 4270 quem
1019 4196 1149 4270 Polybius
1170 4196 1247 4270 xvi,
1272 4192 1320 4271 ld,
1445 4175 1446 4236 3
