2924 4974
599 477 646 556 19

247 679 317 742 Vox
338 684 393 758 est,
414 697 493 761 quae
513 686 631 744 reserat
650 681 712 758 uni,
735 679 807 760 quaid
830 680 945 762 cogitet
965 679 1049 758 alter,

137 797 214 859 500.
331 795 426 878 Inque
447 797 545 860 vicem
566 794 665 860 reddit
683 797 789 878 pervia
810 795 905 860 corda
926 797 991 860 sibi.

248 911 369 977 Stoicus
390 920 521 978 arctatus
542 911 605 976 lato
626 917 710 996 putat
730 929 800 976 esse
821 929 950 976 necesse
1143 991 1147 1000 ¹
1198 991 1202 1000 Ι

332 1029 463 1094 Currere
475 1037 582 1094 cuncta
592 1029 695 1109 modo,
716 1045 779 1112 quo
789 1028 883 1092 modo
893 1029 976 1092 secla
986 991 1128 1110 tunnam
1142 989 1294 1100 ''mm''

247 1145 384 1210 Numinis
405 1147 557 1210 arbitrium
580 1147 746 1230 disponens
769 1147 869 1208 omnia
889 1145 982 1209 iatam

331 1263 420 1342 Dicit,
441 1263 525 1345 quod
545 1263 646 1328 nullus
667 1279 818 1326 evacuare
838 1267 949 1344 potest.

140 1377 216 1440 505.
250 1378 324 1442 lnde
345 1379 553 1461 genethliacus
575 1379 692 1442 sollerti
713 1379 815 1444 sidera
835 1395 909 1442 cura

333 1493 446 1559 Circuit
465 1503 497 1560 et
517 1496 648 1560 tumidus
668 1502 771 1560 versat
791 1501 951 1577 utrumque
971 1495 1085 1578 polum,

246 1612 383 1676 Eventars
404 1611 510 1676 dulces
531 1613 698 1695 spondens,
720 1613 798 1676 male
818 1612 931 1676 mulcet
950 1614 1064 1676 amicos

331 1728 369 1790 Et
388 1725 483 1792 lalsus
503 1737 589 1794 uates
610 1747 705 1813 saepe
725 1731 833 1793 timere
853 1729 934 1808 lacit,

248 1843 371 1927 Colligit
391 1851 541 1910 astrorum
560 1851 669 1925 motus,
690 1853 724 1910 ut
745 1846 870 1929 colliget
889 1846 977 1908 astris

140 1961 213 2024 510.
330 1961 411 2041 Fata,
432 1963 498 2044 pari
518 1963 621 2027 studio
643 1981 754 2028 numen
776 1967 907 2026 clastra
929 1962 1010 2026 colit.

246 2079 376 2142 Pronois
397 2096 534 2142 errorem
555 2081 708 2161 quianon
730 2078 862 2158 admittit,
884 2079 920 2142 ab
941 2079 991 2142 illa
1091 2087 1145 2133 Qud
1158 2088 1292 2137 novissim

331 2194 472 2277 Concipit
492 2211 629 2259 errorem
651 2195 762 2279 dogma
783 2196 879 2260 senile
900 2213 1039 2278 gravem3
1092 2165 1292 2268 ⁹¹¹¹2⁸202222ffi⁵¹m

247 2311 376 2374 Pronois
398 2313 429 2374 in
450 2318 539 2394 partu
553 2311 611 2383 ‚lati
633 2314 720 2376 nimis
743 2315 842 2377 omnia
864 2313 975 2396 pressit

330 2427 369 2490 Et
389 2401 481 2492 duras
502 2428 591 2511 leges
611 2429 776 2512 imperiosa
797 2429 887 2493 dedit.

140 2542 212 2604 515.
246 2543 383 2606 Libertas
404 2547 484 2627 perit
505 2544 627 2624 arbitrii,
649 2547 675 2608 si
697 2545 757 2608 iata
778 2545 891 2609 coactis
1094 2570 1170 2615 anea
1173 2581 1293 2608 nnnnnnnnnnnn

331 2659 492 2742 obsequiis
514 2666 640 2739 montes,
664 2679 718 2724 ora
739 2679 906 2743 manusque
927 2668 1058 2726 movent.
1090 2641 1293 2752 Ἱζηζᾛζζᾞζῗζ

246 2777 382 2840 Praemia
403 2795 461 2860 pro
482 2777 595 2840 meritis
616 2777 689 2842 nulli
711 2778 869 2858 debentur,
890 2779 922 2841 in
942 2779 1041 2861 ipsum

330 2894 494 2957 Auctorem
515 2893 568 2958 fati
589 2893 714 2958 crimina
735 2900 843 2958 cuncta
864 2893 984 2958 cadunt.

246 3010 376 3073 Errores
397 3011 471 3074 istos
493 3011 684 3075 incommoda
706 3011 797 3074 multa
818 3017 994 3094 sequuntur,

141 3125 213 3189 520.
331 3127 416 3202 Quos
437 3129 533 3192 vitare
553 3129 647 3210 pium,
667 3128 723 3191 sed
743 3144 906 3191 numerare
924 3128 1019 3192 labor.

247 3242 404 3324 Exaequat
424 3243 529 3327 culpas
549 3259 713 3326 poenaque
734 3248 884 3326 coaequat
903 3243 1009 3308 eadem

331 3358 461 3438 Stoicus,
484 3365 513 3422 at
534 3366 640 3424 contra
662 3363 774 3445 pagina
795 3379 882 3424 sacra
903 3357 982 3424 facit.

209 3642 242 3692 V.
259 3641 318 3692 501.
335 3641 399 3706 Arg.
418 3645 521 3695 totalem
540 3643 725 3694 necessitatem
743 3643 851 3692 inducet
867 3642 904 3701 li,
926 3642 1030 3692 letalem
1048 3642 1092 3692 in-

142 3709 217 3776 ducit
225 3709 409 3761 accessionem
418 3713 475 3772 tm.
493 3712 526 3763 V.
535 3710 594 3762 505.
613 3710 792 3772 genethliacus
801 3711 835 3768 11,
853 3709 1091 3771 gemeticensi.—

142 3776 243 3826 sollerti
260 3777 289 3836 L,
308 3778 398 3828 solerti
415 3779 448 3828 Η.
484 3779 515 3828 V.
525 3776 583 3828 51111.
601 3776 755 3827 tumidusL
772 3781 798 3826 et
806 3777 839 3834 H,
859 3776 897 3825 acl
915 3775 1025 3824 timidus
1034 3777 1092 3824 Lm.

141 3841 243 3892 V.5ll.
260 3841 325 3904 Arg.
343 3843 421 3905 Quod
440 3845 630 3906 providentiam
650 3857 709 3894 esse
727 3855 833 3893 causam
852 3841 1018 3893 necessitatis
1035 3843 1092 3900 Lm,

123 3931 126 3940 ,
142 3909 213 3970 quod
229 3909 418 3970 prouidentiam
433 3911 529 3960 erroris
541 3923 647 3961 causam
659 3917 718 3960 esso
728 3911 872 3971 putatllm.
887 3935 918 3944 -
933 3910 1047 3958 Pronois
1061 3933 1092 3944 -

142 3975 1091 4040 adhocvccabulumIanlegunturduacglossaesepcratlmscriptae:

139 4044 357 4104 procidentiact:
376 4045 533 4094 uelnoticia.
567 4043 815 4094 1511151116-
833 4043 865 4093 ml
876 4041 1092 4092 hocvocabulum

142 4108 169 4156 in
178 4109 226 4158 Lm
245 4109 340 4170 legitur
357 4110 460 4170 glossa:
478 4111 632 4160 Stoicorum.
666 4111 698 4160 V.
713 4108 772 4159 515.
791 4109 865 4172 Quae
883 4107 1092 4158 inconvenientia

143 4180 287 4236 sequantur
300 4175 405 4226 fatalem
420 4178 603 4228 necessitatem
619 4177 675 4236 Lm,
695 4177 768 4238 Quae
787 4175 996 4226 inconvenientia
1011 4174 1092 4223 libor-

141 4245 221 4291 tatem
241 4241 341 4292 arbitrii
359 4249 505 4305 sequantur
521 4245 582 4292 tlm.
