2924 4974
604 469 653 548 23

255 673 292 734 Et
313 671 465 734 sidicinis
488 673 676 736 concordant
697 673 841 755 plasmata
862 675 973 750 causis,

148 789 220 852 610.
339 789 423 852 Tune
445 793 550 852 natura
571 807 683 871 parans
705 808 795 852 omne
817 789 928 872 figurat
948 809 1035 872 opus.

255 907 288 970 Si
310 907 348 969 sit
369 906 406 968 ab
428 911 539 969 eventu
560 909 661 970 vicino
685 905 808 970 dissona
830 924 932 984 eausa,

340 1021 452 1085 Contra
474 1028 610 1086 naturam
632 1024 718 1086 turba
740 1023 813 1104 quid
836 1043 905 1088 esse
927 1029 1011 1107 putat

254 1139 302 1218 Et,
324 1140 394 1220 quia
416 1157 509 1202 eausa
529 1138 610 1218 latet,
632 1139 705 1202 dioit
724 1141 841 1204 ratione
863 1158 983 1218 carere;

339 1255 400 1320 Sed
421 1256 512 1338 plane
532 1255 606 1320 nihil
628 1263 684 1334 est,
707 1256 789 1338 quod
810 1258 927 1321 rationo
949 1263 1041 1320 earet.

338 1488 376 1551 Et
396 1496 482 1553 natas
504 1490 611 1554 eodem
632 1490 772 1572 provehit
793 1497 883 1572 atque
904 1497 1017 1554 movet:

254 1603 338 1668 Haeo
357 1605 465 1668 eadem
485 1606 576 1670 fiuent
597 1612 731 1689 praestat
751 1607 843 1670 mbos
864 1607 1013 1690 perinanis,

337 1721 375 1785 iit
394 1728 494 1786 motus
517 1741 623 1786 omnes
646 1725 758 1806 optima
781 1741 873 1787 causa
893 1725 981 1806 regit

253 1837 293 1900 At
313 1853 422 1902 oanan
442 1840 521 1904 iuter
541 1858 620 1922 quae
641 1837 807 1922 praeeedit,
829 1838 999 1906 dominatur

146 1955 219 2018 620.
337 1955 375 2020 Et
394 1957 476 2019 uires
499 1973 605 2020 ornnes
626 1955 778 2020 inferioris
800 1955 898 2018 habet.

250 2071 321 2134 Non
341 2077 441 2136 nmen
461 2073 588 2137 inferior
608 2072 788 2136 dominantis
804 2073 875 2155 jure
896 2073 1019 2154 potitur,

334 2187 396 2252 Aut
417 2191 523 2271 aequis
543 2190 585 2256 illi
605 2190 746 2272 passibus
768 2191 813 2252 ire
834 2194 944 2270 potest.

251 2305 318 2368 Hoc
338 2307 488 2389 scriptura
509 2307 610 2386 docet,
627 2308 715 2390 jubet
734 2307 795 2370 hoo
817 2312 923 2371 natura
945 2307 1085 2385 creatrix,

333 2423 370 2486 Ut
389 2423 500 2488 oedaut
521 2426 640 2507 superis
662 2422 807 2487 interiora
828 2423 900 2486 suis.

143 2537 215 2602 625.
249 2539 344 2602 Unioa
365 2555 524 2603 causarum
545 2540 622 2604 ratio
644 2539 745 2604 divina
765 2539 914 2618 voluutas,
1122 2543 1171 2590 ⁰⁰⁵³
1190 2545 1277 2583 “raim

332 2654 430 2730 Quam
450 2655 534 2719 Plato
555 2662 680 2720 nonnae
702 2658 824 2720 nornine
845 2675 939 2738 saepe
959 2661 1058 2719 vocat.
1163 2623 1228 2652 Μ’

248 2771 331 2835 illins
350 2773 479 2854 imperio
499 2773 593 2836 servit
613 2778 719 2838 natura
739 2780 851 2852 ereata,

331 2887 478 2971 ordoque
500 2907 659 2953 causarum
681 2896 761 2954 mars
782 2889 927 2954 adhaeret
948 2889 985 2952 ai.

246 3003 301 3067 Est
321 3003 451 3068 huminis
471 3007 548 3070 ratio
570 3023 704 3070 summae
725 3008 850 3070 rationis
871 3007 985 3088 imago,

141 3118 213 3182 630.
333 3121 418 3196 Quae
439 3123 519 3205 oapit
539 3123 665 3188 interius
685 3141 760 3186 vera
781 3123 911 3187 docente
932 3123 1008 3186 Deo.

245 3237 285 3299 Ut
305 3236 374 3301 data
393 3237 447 3301 iux
468 3238 575 3318 oeulis,
597 3245 656 3302 taur
672 3257 707 3303 se
723 3258 811 3321 quiam
827 3245 930 3302 uetera
940 3245 1094 3315 monstrat,

331 3353 417 3429 Quae
437 3354 494 3418 sub
514 3354 584 3419 luoe
605 3362 708 3438 patent
728 3362 759 3419 et
779 3357 846 3419 sine
866 3356 935 3419 luoe
955 3355 1056 3433 latent,

247 3467 397 3552 Claraque
417 3471 451 3533 fit
470 3472 567 3536 nubes
589 3478 740 3555 oonoepto
761 3472 873 3536 lundne
894 3472 979 3550 solis,

331 3587 407 3652 Cum
427 3587 637 3670 dependentes
658 3587 746 3652 datus
768 3589 870 3672 abegit
890 3605 999 3669 aquas:

140 3701 211 3767 635.
247 3702 371 3768 Subdita
390 3705 436 3766 sio
457 3706 535 3768 ratio
556 3703 683 3768 iornrarn
704 3721 839 3768 summae
860 3705 984 3768 rationis

329 3817 476 3884 Sardibus
498 3820 633 3903 expulsis
654 3821 759 3900 induit,
780 3821 853 3884 inde
873 3821 971 3884 micat.

244 3936 329 3998 'iuno
351 3953 436 3998 mons
457 3942 520 3999 tota
540 3938 615 4000 nitet
635 3944 666 3999 et
686 3955 760 4001 vero
782 3937 893 4001 lumine
914 3938 1005 4021 plena

326 4053 387 4115 Res
409 4052 499 4116 falsas
522 4053 615 4136 abigit
635 4060 665 4118 et
685 4053 765 4117 bona
785 4072 859 4117 vera
881 4054 960 4118 colit

244 4168 329 4236 Siout
349 4186 440 4232 nenio
461 4176 563 4252 potest
583 4169 695 4253 aliquid
717 4171 774 4234 nisi
794 4172 864 4235 luce
886 4170 1000 4249 videre,
1109 4178 1157 4226 Quid
1170 4179 1264 4260 'fluum

137 4282 209 4347 640.
327 4284 379 4352 Sie
398 4285 528 4351 hominis
550 4288 625 4352 ratio
648 4306 741 4352 caeca
762 4286 795 4350 iit
815 4287 929 4368 absque
949 4287 1027 4350 Deo.
1140 4255 1238 4289 'mmm‘
