2924 4974
830 468 857 548 8

740 573 943 584 ..ῃ-η...-

472 670 509 734 El
529 669 630 736 brevis
652 668 802 734 interdum
823 668 1001 751 producitur
1022 676 1097 751 arte,
1118 671 1273 735 sedidem

373 787 440 852 180.
557 787 591 851 ln
612 804 755 850 sermone
776 791 875 850 tamen
895 805 1008 852 sensus
1028 789 1168 870 utrinque
1189 794 1296 852 manet

472 904 511 968 Et
531 921 599 968 cum
621 903 660 967 de
681 904 775 967 senisu
796 909 925 984 constet,
946 904 1104 989 pueriliter
1125 911 1215 982 errat,
1341 940 1343 944 .

556 1018 613 1084 Cui
634 1019 758 1102 longam
777 1020 859 1084 litem
879 1020 948 1085 lana
969 1021 1094 1103 caprina
1113 1020 1194 1085 lacit

473 1136 658 1201 Alterutrum
672 1135 724 1202 uel
739 1143 900 1219 utrumque
914 1136 985 1202 licet
999 1136 1148 1220 prolerre,
1164 1135 1220 1200 sed
1232 1137 1319 1214 insta,

556 1253 595 1318 Ut
614 1255 654 1318 sit
673 1251 826 1318 Mercurio
848 1253 1019 1338 Philologia
1039 1271 1156 1332 comes,

373 1371 441 1435 185.
473 1370 543 1435 Non
564 1372 636 1454 quia
656 1371 827 1436 numinibus
848 1370 932 1434 salsis
952 1371 1124 1435 reverentia
1144 1369 1242 1448 detur,

557 1485 621 1552 Sed
641 1487 698 1551 suh
718 1488 882 1552 verborum
903 1489 1037 1571 tegmina
1056 1505 1131 1553 uera
1150 1487 1250 1549 latent.

474 1603 556 1668 Vera
576 1604 669 1668 latent
688 1623 791 1668 rerum
811 1605 963 1669 variarum
983 1609 1063 1668 lecta
1083 1603 1200 1686 liguris,

556 1720 633 1784 Nam
653 1737 743 1785 sacra
762 1721 881 1803 wlgari
902 1719 1023 1803 publica
1039 1722 1111 1804 jura
1130 1724 1240 1783 vetant

475 1837 557 1902 llaec
578 1838 649 1900 ideo
671 1843 791 1902 veteres
812 1839 945 1921 propriis
967 1843 1073 1902 texere
1094 1836 1210 1919 figuris,

374 1953 442 2018 190.
556 1953 595 2017 Ut
614 1954 752 2018 meritum
773 1955 872 2037 possit
893 1953 1057 2018 conciliare
1078 1953 1164 2017 fides.

474 2069 584 2135 Abdita
604 2089 735 2154 namque
756 2072 888 2156 placent,
909 2071 1060 2135 vilescunt
1076 2071 1199 2152 cognita
1214 2068 1318 2150 vulgo,

560 2189 620 2263 Qui
640 2189 724 2270 quod
745 2190 825 2252 scire
845 2194 956 2271 petest,
977 2188 1088 2251 nullius
1109 2203 1181 2249 esse
1201 2189 1293 2268 putat.

475 2305 550 2368 Rem
570 2321 682 2368 veram¹
694 2310 777 2388 tegat
796 2305 947 2368 interdum
967 2303 1085 2368 fallacia
1104 2302 1200 2381 verbi,

558 2421 638 2506 Dum
659 2438 710 2484 res
731 2439 805 2486 vera
825 2421 939 2499 subest,
960 2439 1034 2484 vera
1055 2419 1153 2502 figura
1174 2423 1285 2497 manet,

375 2537 444 2602 195.
477 2536 565 2602 Falsa
584 2543 684 2602 tamen
705 2538 791 2602 verbi
812 2536 902 2616 lucie,
923 2537 979 2600 sed
999 2543 1101 2600 menta
1121 2535 1243 2614 fidelis‚'

558 2653 636 2718 Dum
657 2654 730 2718 lacit
751 2655 869 2718 arcanis
891 2654 984 2718 rebus
1005 2655 1111 2718 inesse
1130 2653 1230 2717 iidem.

172 2797 201 2835 ns
213 2797 276 2834 nuno
288 2800 309 2834 a
321 2795 370 2834 aa.
470 2770 610 2854 ,Qualiter
631 2789 773 2834 arcanum
794 2771 885 2834 lateat
904 2771 961 2834 sub
982 2771 1115 2853 imagine
1135 2769 1221 2848 falsa,

237 2877 300 2906 ¹¹¹¹¹¹
560 2887 733 2965 Quaeritur3
754 2886 943 2952 hchurvus
958 2893 1049 2970 alque
1060 2885 1183 2968 Capella
1199 2885 1322 2964 (locent,

476 3002 638 3066 Excutiunt
657 3021 760 3066 rerum
781 3021 900 3083 causas,
923 3011 954 3066 el
974 3003 1101 3068 loedere
1121 3007 1260 3067 tractant.

372 3118 444 3182 200.
558 3117 672 3198 Mores,
692 3120 837 3184 historiae
857 3121 926 3203 plus
947 3121 1010 3200 tihi,
1030 3121 1139 3200 hurle,
1160 3119 1291 3203 placent,

476 3235 583 3302 Sermo
606 3235 802 3300 cothurnatus
823 3237 913 3301 Furvi
934 3237 1075 3301 discessit
1095 3236 1132 3300 ah
1153 3253 1222 3314 usu,

559 3353 597 3416 Et
616 3369 687 3418 raro
708 3353 821 3435 legitur
841 3372 916 3436 prae
938 3355 1086 3436 gravitate
1107 3355 1165 3431 sui,

477 3467 539 3533 Sed
560 3473 660 3531 tamen
681 3470 816 3552 inpage
838 3470 984 3552 Ligurino
1007 3487 1096 3532 carus
1117 3469 1245 3532 hahetur

560 3584 625 3664 llic,
647 3585 698 3648 uhi
720 3585 759 3650 de
779 3587 888 3650 llcrum
909 3588 1047 3668 genuine
1067 3603 1179 3650 nornen
1200 3585 1300 3648 hahet.

373 3699 443 3764 205.
477 3701 564 3764 Hunc
585 3720 671 3766 meus
694 3722 711 3765 a
733 3702 866 3766 Cauchis
883 3703 1052 3766 Wilielmus
1074 3721 1168 3785 saepe
1190 3702 1322 3783 legebat,

559 3817 647 3881 Hunc
668 3821 756 3882 etiam
778 3825 883 3884 noster
902 3821 1088 3884 Pcnlilianus
1110 3825 1196 3882 amat.

439 4101 471 4150 V.
491 4099 547 4150 193.
565 4105 636 4163 tegat
652 4101 785 4152 interdum
794 4101 823 4162 L,
841 4103 975 4153 interdum
993 4107 1062 4164 tegat
1078 4103 1113 4152 H.
1138 4102 1172 4152 V.
1183 4100 1240 4151 llll.
1257 4099 1322 4164 Arg.

374 4167 414 4217 lte
435 4167 523 4218 Furho
546 4168 594 4217 Lm
618 4167 696 4219 sicuti
724 4182 749 4218 v.
773 4167 832 4219 209.
854 4170 972 4229 Furhus,
999 4169 1094 4220 ceteris
1112 4167 1191 4219 locis:
1209 4169 1322 4219 Furvus.

374 4235 406 4284 V.
424 4231 483 4284 205.
501 4246 516 4284 a
534 4233 647 4284 Conchis
665 4235 819 4288 Wiliclmus
836 4236 869 4295 ll,
888 4249 902 4286 a
921 4235 1053 4287 Chcnchis
1071 4236 1225 4288 Willelmus
1242 4235 1272 4285 L.
