2912 4976
150 658 253 722 mouet,
281 667 315 708 ne
337 651 545 708 condemnatum
566 655 717 728 reciperet,
760 661 788 711 et
814 654 933 710 Thomas
956 653 990 711 ad
1011 653 1098 726 ipsum
1128 651 1256 726 epistola,

149 771 212 828 qna,
236 761 266 811 nt
287 771 348 812 eum
369 756 448 812 huius
470 757 534 812 iacti
555 759 719 830 poeniteret,
742 758 910 824 adhortatur.
943 757 1028 830 Bouq.
1041 755 1117 828 lllll,
1138 773 1165 830 p.
1186 751 1255 826 107,

149 879 172 916 c.
197 867 227 915 et
248 853 317 916 233.
362 859 442 927 Quod
464 859 491 916 in
514 861 594 918 rehum
616 863 726 919 llenriei
752 861 895 918 narrandis
922 861 995 935 apud
1024 860 1256 932 chronographos

149 965 239 1020 rarius
250 963 364 1020 liuberti
385 964 487 1020 mentio
510 965 548 1035 lit,
571 981 605 1020 ex
627 966 656 1021 ri
676 971 704 1021 et
723 971 820 1022 natura
842 965 1028 1036 negotiorum,
1050 979 1121 1037 quae
1137 961 1256 1018 admini-

149 1069 272 1138 strabat,
305 1066 473 1139 intelligitur.
526 1066 633 1125 iudicia
665 1069 735 1125 enim
766 1070 927 1143 plerumque
953 1067 1066 1124 minoris
1093 1066 1257 1123 ridebantur

148 1172 295 1241 momenti,
316 1186 396 1244 quam
417 1186 487 1243 qnae
508 1172 710 1244 compendiaria
731 1172 777 1229 illa
799 1171 926 1228 narrandi
947 1172 1053 1228 ratione
1079 1169 1255 1239 referrentur,

150 1277 246 1332 adres
262 1289 332 1330 vero
354 1289 369 1329 a
387 1273 497 1344 judiciis
519 1274 620 1331 alienas
642 1275 730 1332 rarius
741 1275 875 1333 liebertus
897 1275 1087 1332 videturesse
1109 1271 1256 1342 adhibitus,

149 1385 180 1434 ut
199 1377 391 1448 iulienigaldo
413 1377 623 1452 archiepiscopo
636 1379 794 1436 Coloniensi
815 1379 901 1436 minua
923 1379 1080 1437 solemniter
1101 1375 1254 1433 salutando.

150 1484 237 1554 Bouq.
264 1479 346 1553 XVl,
373 1500 401 1554 p.
432 1476 509 1555 238,
536 1500 563 1540 ιι.
614 1484 747 1552 Quantum
773 1485 945 1542 nihilominus
974 1481 1144 1540 auctoritatis
1169 1483 1194 1537 ei
1221 1481 1258 1536 ait

150 1587 298 1656 tributum,
330 1585 392 1642 inde
426 1589 633 1658 cognoscimus,
667 1588 741 1660 qnod
773 1594 887 1644 mortem
919 1586 976 1644 aius
1008 1586 1117 1660 plurimi
1149 1585 1255 1658 quidem

150 1689 301 1746 memoriae
333 1689 520 1762 prodiderunt.
573 1691 660 1764 Bouq.
686 1689 766 1763 Xlll,
793 1709 821 1764 p.
851 1685 912 1748 208
933 1691 966 1761 b,
993 1682 1055 1746 312
1077 1689 1111 1760 d,
1141 1683 1203 1745 748
1230 1705 1255 1757 a,

149 1793 226 1862 XVl,
250 1785 312 1847 590
334 1809 358 1848 c.
402 1793 441 1849 lie
463 1793 584 1849 moribus
606 1793 663 1850 eius
686 1794 750 1850 nihil
779 1793 909 1864 traditur,
937 1794 1011 1866 quod
1038 1809 1098 1849 cnm
1124 1792 1256 1849 iohannis

150 1896 241 1952 nostri
259 1895 366 1966 jndicio
389 1897 508 1952 conferri
530 1899 636 1969 possit,
663 1904 854 1970 praeterquam
881 1898 956 1970 quod
983 1897 1017 1952 ah
1039 1897 1157 1952 ilenrico
1179 1895 1255 1951 hun-

152 1999 331 2070 dingtonensi
358 1999 433 2072 (Ep.
468 2000 502 2056 ad
528 2000 681 2056 Walterum
708 2002 743 2057 dc
770 2007 908 2058 contemtu
942 2000 1034 2057 mundi
1062 2001 1148 2071 Bouq.
1175 1997 1256 2068 xit,

151 2121 178 2173 p.
202 2097 279 2167 268)
302 2102 402 2170 „laude
423 2100 543 2175 parvus“
564 2103 671 2161 dicitur.

236 2205 317 2260 Plura
339 2212 366 2261 et
387 2207 561 2262 accuratiora
583 2207 726 2263 traduntur
747 2207 928 2264 dcliichardo
950 2208 1065 2264 dehuel
1086 2207 1131 2264 vel
1147 2205 1254 2262 lmceio.

153 2309 239 2377 Quem
258 2324 329 2377 qnae
339 2309 477 2382 Antipatri
492 2310 602 2366 nomine
618 2310 767 2382 significari
788 2311 954 2367 vixduhium
976 2311 1139 2383 relinquunt,
1161 2309 1255 2364 endem

152 2413 298 2481 affirmant,
319 2411 528 2484 hlandrogerum
550 2429 606 2468 non
629 2413 709 2490 eliqm
731 2429 792 2468 esse
813 2419 894 2485 atque
906 2414 1062 2470 hubertum.
1094 2415 1164 2470 Pace
1186 2413 1256 2468 inter

152 2515 319 2587 Stephanum
341 2531 436 2586 regem
452 2523 481 2572 et
490 2516 635 2572 Henricnm
657 2533 689 2573 ea
711 2517 991 2576 aetatcliormanniae
1013 2520 1108 2575 ducem
1131 2536 1156 2575 a.
1176 2512 1255 2574 1154

63 2651 66 2654 -
153 2617 307 2690 composita
328 2618 478 2674 Richardus
500 2626 601 2675 turrem
623 2620 817 2676 Londlncnsem
844 2627 873 2676 et
893 2629 993 2678 motam
1019 2623 1037 2678 i.
1065 2639 1089 2678 e.
1118 2622 1256 2678 castellnm

151 2721 344 2793 Wyndesoras
376 2722 568 2778 custodiendas
600 2723 708 2794 accepit
739 2723 950 2796 archiepiscopo
979 2725 1101 2795 iuratus,
1135 2740 1164 2780 se
1192 2730 1256 2796 post

152 2823 286 2896 Stephani
307 2829 422 2880 mortem
443 2825 512 2880 haec
534 2825 644 2881 castella
666 2825 728 2881 duci
749 2825 776 2881 in
796 2842 885 2898 regno
908 2827 1064 2883 succedenti
1086 2843 1146 2882 esse
1167 2827 1256 2882 tradi-

152 2935 245 2983 turum
271 2927 357 2999 Bouq.
379 2927 458 2998 Xlll,
486 2946 513 3000 p.
538 2923 611 2999 101,
640 2946 664 2984 n.
713 2929 786 2985 ldem
813 2931 840 2984 in
867 2930 984 2986 decretis
1010 2930 1256 3002 Glaringdumianis,

152 3049 224 3104 quae
250 3032 354 3087 clerum
380 3031 534 3104 privilegiis
566 3032 722 3104 privarunt,
754 3034 934 3106 exsequendis
960 3030 1171 3090 studiosissimus
1198 3039 1257 3090 erat

145 3133 346 3206 -(Bonq.XVl,
369 3152 396 3207 p.
412 3127 473 3191 215
496 3135 523 3206 h,
545 3130 606 3191 216
623 3137 658 3201 a)
680 3143 708 3192 et
727 3137 831 3192 litteras
853 3137 1015 3210 subscripsit
1036 3138 1137 3208 regias,
1160 3139 1256 3210 quihus

151 3240 270 3310 Angliae
292 3238 431 3311 episcopis
452 3239 625 3295 interdictum
651 3246 707 3310 est,
733 3257 767 3296 ne
789 3241 916 3296 Thomnm
944 3240 1056 3312 eiusque
1082 3241 1196 3296 comites
1223 3241 1257 3296 de

152 3342 286 3398 reditibus
309 3342 365 3398 suis
387 3342 531 3414 quidquam
559 3343 701 3414 percipere
727 3348 893 3414 paterentur.
935 3342 1019 3414 Bouq.
1041 3342 1116 3415 xvi,
1137 3361 1163 3418 p.
1186 3337 1256 3400 233.

150 3449 233 3502 Anno
258 3438 338 3501 1165
361 3446 388 3500 in
403 3444 528 3515 Angliam
550 3445 645 3500 missus
666 3450 718 3516 est,
740 3446 786 3517 qui
807 3445 977 3518 prohiberet,
999 3447 1142 3518 quominus
1164 3448 1258 3504 clerici

153 3567 253 3622 papam
274 3549 445 3620 appellarent
466 3547 570 3620 (Bouq.
582 3547 655 3619 Χιιι,
677 3563 704 3620 p.
719 3541 777 3602 129
793 3548 838 3612 h.)
861 3554 888 3602 et
908 3548 1032 3620 sequenti
1053 3549 1257 3619 annoliomam,

152 3662 182 3708 ut
209 3669 307 3724 papam
336 3651 398 3722 regi
423 3650 629 3720 reconciliaret,
655 3648 731 3720 XVl,
756 3667 783 3721 p.
807 3643 878 3720 255,
905 3644 977 3720 258,
1004 3645 1074 3706 262.
1125 3652 1258 3719 Quantum

152 3753 326 3812 auctoritatis
347 3759 376 3808 et
398 3751 578 3808 confidentiae
599 3751 734 3823 hahuerit,
755 3752 818 3809 inde
840 3759 963 3824 apparet,
985 3755 1059 3826 quod
1076 3756 1167 3812 odium
1183 3756 1259 3827 regis

154 3862 180 3914 in
205 3860 335 3914 Thomam
358 3857 511 3913 concitasse
530 3862 558 3911 et
579 3872 613 3912 ne
634 3871 688 3928 pax
709 3856 909 3926 restitueretur,
931 3856 1075 3928 impedisse
1096 3859 1196 3916 dicitnr
1217 3861 1258 3927 (in

152 3967 242 4019 Anon.
270 3961 350 4033 epist.
377 3961 463 4032 Bonq.
491 3959 570 4029 xvi,
597 3977 624 4033 p.
652 3951 713 4015 236
735 3960 775 4026 ιι.)
803 3967 830 4015 et
856 3977 882 4015 a.
914 3953 993 4016 1166
1020 3979 1036 4016 a
1062 3961 1164 4019 Thomu
1191 3979 1259 4036 prae

154 4065 255 4122 ceteris
277 4079 339 4120 cnm
360 4063 502 4120 ,loscelino
527 4063 561 4118 dc
581 4062 694 4132 Baillot,
716 4063 849 4136 episcopo
871 4062 1076 4135 Sariaheriensi,
1097 4081 1259 4122 excommu-

153 4171 258 4226 nicatos
271 4175 324 4238 est,
341 4173 371 4224 ut
388 4169 578 4240 ,maurosum
589 4167 710 4224 illarum
721 4173 825 4223 auctor
836 4175 864 4224 et
873 4165 1062 4237 schricutor.“
1084 4168 1171 4243 Bouq.
1182 4168 1257 4226 XVl.
