2912 4976
609 455 803 570 ..-lll-

154 658 269 731 eiusque
293 661 411 718 officium
433 661 450 716 1.
473 677 496 716 1.
519 662 703 720 ministrorum
725 664 884 720 societatem
907 677 932 718 v.
961 653 1087 718 1411611
1114 661 1175 716 mall
1202 659 1263 716 uri-

154 763 249 833 ginem
272 765 409 836 repetita
431 764 587 824 funambulo
609 768 729 840 quodam
752 785 777 825 v.
803 759 898 822 llll:

392 891 448 946 llos
470 891 549 948 aulae
570 906 661 947 mores
683 889 852 946 funambulus
875 889 963 946 intulit
984 889 1040 958 ille,

392 995 453 1066 Qui,
476 994 551 1066 qnod
572 995 731 1068 praesumit,
754 996 817 1066 lege
838 999 928 1050 tuetur
950 991 1003 1048 avi.

152 1117 215 1187 Ego
245 1117 354 1189 quidem
382 1117 529 1174 funambuli
555 1135 653 1175 nomen
686 1119 871 1175 intellexeram
899 1118 932 1174 de
958 1115 1067 1173 bomine
1095 1115 1207 1171 sordido
1236 1121 1263 1168 11

156 1221 277 1289 scurrili,
301 1221 387 1293 qualis
410 1237 426 1276 a
447 1219 573 1278 iuvenali
594 1221 759 1279 describitur
779 1222 813 1294 ll,
835 1217 891 1279 77:

265 1341 393 1415 „hugum
416 1341 633 1414 schoenobates,
657 1344 789 1415 medicus,
811 1360 920 1416 magus:
945 1343 1033 1400 omnia
1057 1341 1157 1399 novit.“

155 1475 182 1522 ct
204 1466 282 1538 XlV,
305 1462 377 1524 266:

378 1574 499 1648 „quique
521 1577 593 1632 solet
613 1583 717 1634 rectum
739 1578 906 1634 descendere
927 1572 1042 1634 funem.“

152 1697 207 1754 Sed
229 1697 453 1769 lappenbergius
477 1700 594 1772 monuit,
622 1701 657 1758 de
685 1701 814 1758 militibus
836 1702 903 1772 illis,
932 1703 977 1773 qui
999 1699 1144 1758 Antiochia
1171 1700 1262 1756 subito

151 1803 312 1876 impugnata
328 1804 399 1860 funis
422 1821 476 1878 ope
497 1805 581 1862 muris
603 1807 760 1864 delabentes
782 1809 946 1879 effugerant,
968 1804 1196 1863 hocvocabulum
1215 1803 1262 1859 illo

153 1914 283 1980 tempore
305 1908 389 1964 fnisse
411 1908 437 1965 in
459 1927 519 1981 usn,
541 1911 670 1982 imprimis
692 1912 726 1967 de
752 1911 885 1968 Guilelmo
901 1911 961 1981 illo,
983 1910 1029 1983 qui
1044 1908 1121 1965 faber
1131 1906 1263 1979 tignarius

152 2017 195 2066 est
218 2011 441 2084 cognominatus,
463 2013 572 2083 ignavia
595 2014 695 2072 infami.
728 2015 768 2072 ct.
791 2013 1079 2087 lappenbergflesclr.
1096 2029 1122 2068 v.
1138 2010 1263 2081 Engill,

152 2133 180 2187 p.
193 2107 266 2171 223.
301 2115 493 2181 Quaerendum
515 2118 610 2189 igitur,
633 2125 722 2176 atrum
744 2135 778 2176 ex
801 2119 924 2176 Guilelmi
945 2118 990 2174 val
1011 2117 1125 2173 aliorum
1142 2115 1262 2182 militnm,

152 2219 200 2290 qui
223 2225 278 2274 tum
300 2219 401 2289 ignave
422 2220 564 2291 fugerant,
591 2223 710 2294 posteris
733 2224 843 2295 aliquis,
875 2241 908 2280 an
936 2223 1005 2279 alins
1031 2219 1138 2294 quidam
1166 2218 1262 2274 eodem

151 2323 221 2378 vitio
256 2322 370 2393 insignis
397 2323 531 2396 fortasse,
564 2326 611 2398 qui
641 2326 775 2383 ecclesiae
806 2332 899 2400 partes
926 2325 1087 2397 reliquerat,
1119 2322 1260 2378 indicetur.

152 2426 208 2480 tex
231 2427 292 2495 avi,
320 2437 371 2491 qua
394 2427 465 2483 tueri
487 2427 600 2498 dicitur,
630 2430 703 2500 quod
725 2431 900 2502 praesumsit,
934 2447 993 2486 cum
1016 2427 1050 2482 de
1072 2428 1135 2499 jure
1161 2426 1262 2482 intelli·

153 2528 286 2599 gendum,
308 2529 344 2584 ad
361 2530 424 2600 jura
446 2532 479 2587 ab
502 2531 619 2590 Henaton
642 2533 653 2588 l
675 2533 737 2590 data
759 2533 896 2606 pertinere
917 2534 941 2588 si
962 2531 1026 2588 mihi
1048 2535 1123 2586 recte
1144 2530 1261 2599 videtur,

152 2631 325 2688 funambulus
347 2633 406 2705 ipse
427 2651 476 2690 rex
499 2641 542 2690 est
556 2635 734 2707 Hearicusll‚
756 2637 858 2709 quippe
878 2636 926 2708 qni
947 2651 1053 2708 semper
1075 2634 1110 2691 ad
1126 2633 1170 2690 avi
1185 2634 1261 2703 leges

154 2742 182 2790 et
204 2737 417 2792 consuetudines
439 2744 610 2810 provocaret
631 2745 660 2795 et
681 2741 803 2812 quamvis
823 2741 899 2812 prius
921 2755 978 2794 rem
1004 2737 1139 2794 ecclesiae
1165 2742 1261 2794 contra

153 2840 320 2910 Stephanum
348 2839 526 2912 defendisset,
558 2848 655 2914 postea
686 2860 735 2900 rex
774 2844 862 2899 lactus
894 2843 1035 2914 proderet.
1094 2841 1149 2897 Sed
1181 2841 1260 2896 etiam

153 2943 309 3014 Stephanus
331 2943 448 3015 intelligi
469 2951 575 3017 potest,
604 2945 649 3011 11111
670 2953 748 3002 antea
771 2946 932 3018 pravitatum
955 2953 1052 3002 auctor
1073 2951 1115 3000 est
1136 2945 1261 3017 appella·

154 3053 207 3116 tus,
231 3062 291 3103 cnm
305 3048 429 3104 Guilelmi
451 3065 548 3121 nepos,
570 3055 600 3104 ut
616 3049 672 3120 ille,
694 3051 721 3106 vi
738 3065 852 3120 regnam
868 3049 1066 3121 occupavisset
1099 3046 1261 3104 Cancellarii

153 3149 327 3206 simulatione
354 3152 444 3208 denuo
472 3153 579 3208 laudate
605 3171 632 3210 v.
660 3147 876 3212 1475-1484
903 3158 1029 3222 veretur,
1055 3169 1089 3207 ne
1115 3151 1261 3208 frustretur

152 3253 198 3308 hio
220 3253 317 3325 labor,
340 3257 470 3327 majorem
493 3255 563 3310 enim
586 3272 647 3312 essa
664 3256 879 3329 corruptionem,
902 3271 981 3328 qnam
1000 3271 1070 3328 quac
1090 3254 1170 3312 facile
1192 3271 1260 3311 cor-

153 3357 271 3428 rigatur,
298 3351 422 3414 1485—
435 3352 522 3414 1494.
560 3358 720 3416 Diltlciliora
741 3361 786 3416 vel
809 3359 956 3416 audaciora
978 3367 1040 3415 sunt
1059 3359 1144 3416 verba
1166 3375 1261 3416 versus

157 3453 253 3531 1495,
281 3477 336 3533 qno
360 3468 458 3517 auctor
479 3462 514 3518 ad
536 3468 621 3517 semet
646 3462 732 3534 ipsum
760 3462 938 3518 convertitur.
980 3462 1117 3518 Libertate
1143 3460 1259 3532 dicendi,

154 3581 209 3636 qua
232 3563 325 3635 utitur,
348 3581 482 3637 perpensa
505 3573 625 3637 veretur,
648 3583 682 3622 ne
703 3568 865 3638 garrulitate
886 3583 933 3622 sua
955 3565 1007 3622 sibi
1028 3565 1150 3639 pericula
1172 3569 1259 3638 paret.

153 3667 264 3723 l'lurimi
276 3668 362 3739 enim,
378 3669 466 3740 inquit
476 3687 502 3726 v.
528 3664 623 3739 1499,
639 3675 702 3725 sunt
711 3669 820 3740 inimici,
836 3669 909 3741 iique
925 3675 1074 3740 nugatores
1090 3669 1145 3724 1.1.
1159 3667 1260 3735 quiin-

152 3770 258 3826 scitiam
281 3788 355 3826 suam
378 3772 458 3842 nugis
480 3775 570 3828 celare
586 3772 705 3844 student,
727 3773 869 3843 tyrannii.
888 3789 911 3828 1.
929 3788 979 3828 rex
995 3772 1123 3843 regisque
1135 3771 1259 3842 1111111111,

153 3873 216 3929 falsi
236 3873 411 3947 philosophi,
438 3874 455 3930 i.
479 3891 503 3932 e.
531 3876 656 3948 magistri
681 3876 721 3932 illi
750 3876 922 3946 scholastici,
951 3891 1021 3948 quos
1047 3881 1075 3930 et
1095 3875 1258 3932 Policratioo

154 3982 182 4030 et
204 3977 260 4034 hoc
281 3977 343 4050 ipso
367 3977 486 4034 carmine
507 3979 724 4053 impugnaverat,
746 3994 886 4050 ganeones
908 3985 936 4034 et
957 3978 1108 4051 helluones,
1131 3979 1259 4052 (111111111-

153 4080 194 4136 111
217 4080 349 4136 leutiores
372 4080 480 4137 nimium
503 4087 637 4139 sectantes
659 4081 747 4139 studia
770 4089 798 4138 et
818 4081 907 4138 olfroia
930 4081 1116 4154 negligebant,
1138 4099 1258 4153 scurrae,

153 4195 225 4250 quos
248 4183 396 4240 cachethes
408 4183 424 4238 i.
448 4201 472 4240 e.
496 4186 564 4242 mala
577 4185 676 4258 cupido
698 4184 835 4244 scribendi
857 4191 886 4240 et
906 4185 1037 4252 loquendi
1059 4185 1179 4258 agitabat
1200 4187 1216 4242 i.
1234 4204 1258 4242 e.
