2912 4976
524 1068 834 1146 oomnrmtunrtfl

595 1216 630 1272 v.
657 1209 764 1274 1-22

236 1339 283 1398 oa
310 1339 469 1398 camnis
496 1341 687 1412 ranorum,
715 1341 871 1400 consum
898 1340 941 1400 ar
969 1339 1125 1397 alarona.

589 1511 782 1524 m

213 1679 411 1754 Argumentum
430 1682 493 1740 libri
514 1684 726 1756 praemissurus,
758 1689 788 1740 ut
808 1702 836 1740 ιι.
861 1677 899 1742 lo
926 1689 1020 1756 aperte
1047 1681 1145 1754 docet,
1177 1697 1232 1737 non

132 1784 262 1840 'ltromam
284 1785 483 1858 cancellarium,
505 1787 554 1846 sed
574 1786 662 1860 ipsum
683 1788 802 1846 libellum
824 1788 985 1860 alloquitur,
1007 1786 1034 1844 id
1056 1786 1130 1859 quod
1152 1785 1232 1841 etiarn

133 1887 316 1944 inEnthetico
338 1887 412 1958 iecit,
434 1905 449 1945 a
471 1906 525 1962 quo
547 1890 724 1948 Policraticus
745 1890 848 1966 incipit.
891 1892 997 1966 Duplex
1019 1897 1061 1948 est
1082 1905 1233 1962 argumen-

132 1998 203 2061 tum,
236 1991 311 2063 quod
332 1991 420 2066 primo
442 2009 524 2048 uersu
545 1993 694 2051 indicatur:
725 1995 815 2069 primo
845 1995 974 2068 dogmata
996 2001 1118 2050 veterum
1139 1992 1235 2067 pbilo-

132 2095 286 2167 sophorum
317 2112 402 2168 usque
434 2096 468 2154 ad
500 2113 608 2153 versum
644 2091 723 2155 1268
755 2097 943 2172 persequitur,
988 2097 1086 2155 deinde
1117 2097 1234 2153 tructum

133 2199 285 2255 studiorum
317 2200 431 2274 exponit
462 2200 489 2256 in
521 2201 643 2258 moribus
676 2203 827 2260 aulicorum
858 2200 1090 2276 perstringendis,
1129 2199 1174 2274 qni
1207 2205 1236 2254 ut

134 2308 285 2358 caveantur
306 2309 333 2358 et
352 2305 480 2376 vitentur,
507 2305 670 2362 hortandum
688 2312 789 2362 censet.
832 2306 962 2363 Videmus
989 2305 1132 2362 consiliunt
1151 2303 1236 2360 libelli

133 2407 192 2462 lere
215 2406 285 2462 idem
308 2420 369 2461 esse
390 2412 471 2480 atque
491 2407 660 2483 l’olicratici,
688 2411 734 2482 qui
760 2410 840 2467 etiam
873 2409 937 2479 „De
958 2409 1051 2480 Napis
1078 2408 1237 2465 caristiam

133 2511 151 2566 i.
186 2525 211 2566 e.
244 2509 395 2566 aulicorum
432 2518 461 2568 et
491 2514 624 2585 nestipiis
650 2511 905 2588 philocomo-affl
937 2513 1109 2584 inscribitur,
1140 2526 1237 2583 quam-

135 2631 215 2688 quam
247 2613 358 2670 inverso
387 2613 498 2670 ordine:
532 2616 625 2672 eadem
652 2617 691 2674 ibi
717 2624 868 2674 tractantur
889 2622 1063 2690 argumenta,
1096 2615 1146 2672 sed
1168 2630 1237 2686 quae

134 2718 180 2774 lric
200 2718 236 2774 ad
256 2717 382 2790 Angliam
403 2724 432 2773 et
452 2719 599 2792 praecipue
621 2720 656 2776 ad
678 2720 812 2778 Oxoniam
834 2721 1002 2792 referuntur,
1025 2719 1080 2776 illie
1102 2719 1188 2789 magis
1210 2717 1237 2772 in

134 2837 239 2892 genere
270 2828 476 2894 proponuntur,
509 2824 586 2894 quasi
617 2825 652 2880 ad
682 2825 798 2897 plurium
825 2826 870 2881 illa
893 2831 982 2881 aetate
1005 2829 1138 2879 terrarum
1166 2837 1237 2877 con-

134 2925 254 2982 ditiones
275 2924 437 2998 pertineant.
489 2925 532 2982 Ad
562 2942 631 3000 opus
653 2933 807 3001 susceptum
829 2927 1021 3000 perficiendum
1044 2944 1071 2981 v.
1095 2917 1188 2980 3-6
1210 2925 1237 2978 in

136 3028 265 3085 auxilium
291 3035 375 3085 vocat
395 3029 525 3103 Spiritum
547 3031 690 3102 Sanctum,
722 3032 784 3104 quia
810 3031 1010 3104 philosophiam
1038 3028 1124 3085 minus
1152 3043 1237 3083 era-

135 3134 212 3190 tione
232 3133 361 3203 hnmana,
383 3149 462 3205 quarn
485 3149 500 3188 e
521 3132 610 3205 gratia
631 3133 727 3190 Divina
750 3141 853 3206 ortam,
875 3150 963 3207 neque
983 3150 999 3188 a
1021 3131 1088 3189 solis
1109 3131 1238 3204 philoso-

135 3235 211 3310 phis,
233 3236 282 3292 sed
304 3237 384 3292 etiam
407 3253 422 3293 e
444 3237 585 3310 Scriptura
607 3253 685 3293 saera
707 3237 850 3310 petendam
872 3237 1027 3294 arbitratur.
1079 3234 1138 3290 lloc
1160 3234 1238 3289 socio

136 3356 171 3396 eo
198 3339 285 3412 magis
312 3339 431 3412 indiget,
464 3341 526 3413 quia
554 3323 704 3397 aulicorum
731 3341 868 3397 levitatem
890 3346 918 3396 et
939 3338 1100 3411 pravitatem
1122 3355 1147 3393 v.
1171 3332 1189 3393 7
1212 3343 1240 3392 et

135 3439 156 3500 8
189 3443 242 3500 sibi
274 3443 418 3500 timendam
444 3460 505 3499 esse
532 3460 690 3517 persuasum
718 3443 809 3500 habet.
865 3443 1012 3500 Consilium
1044 3440 1129 3497 libelli
1160 3439 1239 3496 altius

136 3553 264 3620 repetens
295 3549 367 3604 lrnnc
396 3547 494 3602 iterum
526 3547 673 3620 alloquitur
705 3563 779 3604 nono
807 3563 888 3603 verso
916 3552 944 3602 et
970 3545 1091 3616 decimo,
1124 3559 1240 3616 quorum

135 3658 229 3725 partes
252 3650 421 3708 adverbum
443 3667 478 3706 ex
499 3651 614 3723 antiquis
636 3650 726 3724 poetis
748 3649 904 3722 deprompti
925 3653 994 3704 sunt.
1027 3647 1130 3703 Versus
1152 3662 1240 3702 nonus

136 3756 163 3811 in
189 3755 348 3811 memoriam
375 3760 489 3811 revocat
514 3755 608 3810 lloral.
636 3755 693 3810 Sat.
720 3753 740 3808 l.
769 3745 804 3822 9,
833 3745 873 3808 62
900 3757 929 3806 et
954 3750 992 3821 ll,
1020 3743 1049 3821 4,
1079 3744 1112 3818 1,
1145 3763 1241 3805 versus

137 3859 258 3916 decimus
284 3858 379 3915 dubito
403 3833 490 3913 utrum
513 3857 548 3912 ad
569 3855 659 3912 Ovidii
680 3855 782 3927 potius,
804 3871 837 3910 an
860 3854 894 3910 ad
915 3853 1042 3910 llartialis
1065 3851 1242 3908 imitationem

137 3961 172 4018 sit
192 3977 349 4035 expressus.
403 3959 508 4016 lnducit
534 3941 631 4015 deinde
658 3962 755 4013 auctor
784 3975 809 4014 v.
836 3951 869 4012 11
883 3951 965 4012 -22
988 3963 1017 4013 ut
1038 3971 1151 4012 sorores
1172 3953 1242 4010 Ale-

136 4066 219 4122 thiam
252 4071 280 4120 et
305 4063 455 4120 l’hronesin
487 4062 594 4118 ratione
626 4060 792 4131 allegorica,
826 4076 904 4131 quam
935 4058 1044 4128 longius
1071 4056 1242 4130 persequitur

137 4169 226 4226 bletal.
250 4168 303 4240 lv,
327 4185 350 4224 c.
377 4160 411 4222 11
425 4159 515 4222 -29,
560 4163 666 4221 Sufficit
687 4162 749 4220 inde
776 4162 875 4219 afferre
902 4160 998 4235 capitis
1021 4160 1100 4232 primi
1122 4165 1241 4232 partem:
