2912 4976
677 455 749 534 130

159 659 232 732 dum,
254 660 776 738 severissImellritonemcustodIvisse,
798 672 942 722 ulmorum
964 665 1107 738 integritas
1129 663 1156 720 in
1178 662 1264 735 Ipsius

159 766 280 822 claustro
314 771 492 823 servaretur·
524 767 584 825 Non
605 776 657 842 εει,
679 769 755 843 quod
776 770 879 842 dicam,
905 769 975 827 llari
997 775 1025 826 et
1044 768 1175 842 Pamphili
1195 777 1265 839 per-

159 885 241 926 sonas
267 887 283 926 e
305 869 423 926 Terentii
444 869 546 927 Andria
568 887 629 928 esse
656 872 846 947 depromptas,
877 873 1069 930 Balathronem
1094 888 1132 928 ex
1157 869 1265 927 Horatii

160 973 257 1030 SatIris
279 973 439 1031 innotuisse.
474 973 546 1046 odo,
568 991 647 1050 quem
669 980 768 1032 auctor
789 976 930 1033 hocloco
952 977 1039 1048 magis
1061 974 1141 1032 etiam
1156 973 1265 1031 videtur

158 1076 281 1148 laudare,
307 1093 386 1151 quern
406 1093 450 1149 ep.
476 1069 536 1135 138
561 1094 629 1151 prae
653 1079 753 1136 ceteris
774 1080 887 1138 salutari
903 1080 992 1152 juhet,
1009 1079 1044 1136 ad
1060 1095 1139 1151 quem
1161 1077 1262 1150 scripta

160 1187 202 1238 est
221 1181 307 1255 Epist.
336 1174 396 1238 138
423 1182 506 1250 (llam
531 1182 599 1238 laiht.
625 1183 695 1240 Patr.
717 1181 808 1240 XXIII
829 1201 857 1256 p.
890 1177 976 1255 516),
1009 1182 1129 1240 elusdem
1151 1180 1264 1238 claustri

159 1285 211 1342 luit
230 1283 317 1360 prIor.
349 1285 447 1343 Exstat
469 1285 527 1342 eins
548 1285 583 1343 ad
599 1286 698 1360 Papam
720 1287 847 1359 epistola,
869 1303 922 1360 qua
944 1287 1059 1356 nuntiat,
1080 1285 1140 1358 quis
1155 1285 1263 1341 l'homae

159 1388 296 1446 interfecti
326 1389 391 1445 loco
418 1388 642 1462 archiepiscopus
675 1389 711 1446 sit
743 1396 860 1447 creatus.
909 1389 1040 1448 Severior
1072 1388 1152 1444 etiam
1184 1404 1264 1461 quam

160 1491 236 1549 Brito
263 1491 386 1565 inprImis
407 1493 434 1548 in
460 1493 584 1550 homiues
605 1493 709 1550 Veneri
737 1493 845 1551 deditos
870 1493 931 1565 luit,
953 1493 1084 1566 siquidem
1106 1492 1264 1564 Eumolpus,

159 1595 310 1670 Encolpius
336 1603 364 1653 et
389 1595 473 1668 Gillo,
503 1603 532 1653 ut
557 1597 681 1655 homines
709 1585 825 1654 maxime
858 1597 997 1654 lihidInosi
1023 1602 1052 1652 et
1084 1595 1212 1652 mmundi
1236 1595 1264 1650 in

161 1699 284 1756 Petronii
310 1698 428 1756 Satirioo
457 1699 582 1773 infames,
610 1700 636 1757 ei
662 1707 853 1774 opponuntur,
880 1717 915 1757 ne
936 1700 1001 1774 quid
1023 1701 1056 1757 de
1077 1701 1136 1773 Ipsa
1156 1699 1265 1754 Venere

161 1803 273 1878 eiusque
293 1817 397 1876 sponso
418 1803 546 1860 Adonide
568 1803 664 1862 dicam.

245 1905 298 1975 ont
315 1907 372 1980 jam
393 1907 463 1964 lictis
480 1906 634 1964 nominihus
655 1907 886 1980 perstringuntur,
909 1922 958 1964 eos
980 1921 1132 1977 agnoscere
1154 1905 1265 1961 difficil-

161 2010 251 2066 limum
277 2015 337 2080 est,
363 2008 426 2082 quia
452 2008 575 2066 notitiam
597 2014 720 2066 nostram
741 2010 799 2065 lere
820 2009 905 2082 fugit,
933 2016 1002 2082 quot
1027 2016 1054 2065 ει
1082 2025 1152 2082 qnae
1173 2009 1264 2064 officia

159 2111 286 2169 hahuerit
306 2113 507 2188 archiepiscopi
537 2112 613 2183 aula,
646 2120 674 2169 ει
700 2114 747 2186 qni
772 2113 878 2186 singula
911 2129 1023 2170 munera
1055 2113 1266 2170 administrave-

160 2217 223 2274 rInt.
258 2215 381 2274 Sufficiat
390 2216 474 2288 igitur
485 2217 643 2290 plerumque
653 2215 784 2288 indicare,
797 2233 866 2289 quos
878 2233 969 2274 mores
980 2216 1135 2288 significent
1145 2216 1265 2288 nomina,

159 2319 292 2376 Interdum
309 2319 442 2393 suspicari
458 2319 560 2391 licebit,
577 2336 646 2391 quos
658 2320 790 2392 honores,
808 2336 874 2392 quas
891 2319 1049 2390 dignitates,
1065 2337 1135 2393 quaa
1151 2335 1265 2376 munera

160 2422 283 2480 homines
294 2422 447 2496 habuerim,
466 2422 554 2478 rarius
566 2421 657 2492 etlam,
673 2422 708 2478 ad
719 2439 785 2496 quas
799 2438 931 2494 personas
943 2424 1078 2496 pertineat
1088 2423 1264 2496 vituperatIo.

245 2526 322 2594 Quos
344 2526 413 2582 duos
447 2526 561 2598 prImum
594 2526 770 2598 perstringit,
797 2526 933 2582 Plautinus
960 2525 1096 2593 Querolus
1119 2533 1145 2582 et
1171 2527 1265 2583 Zoilus

161 2630 231 2687 inter
253 2631 403 2687 inonachus
426 2630 469 2686 rel
493 2629 603 2685 claustri
630 2629 768 2687 ministros
796 2629 923 2685 videntur
952 2630 1108 2702 quaerendi,
1149 2631 1190 2686 Da
1211 2647 1265 2688 oo·

161 2734 258 2790 rnoedia
282 2734 426 2806 Querotos
450 2733 496 2789 vel
521 2731 682 2789 Aulularia
706 2732 853 2806 iuscripta,
881 2749 961 2804 quam
988 2734 1036 2790 illo
1061 2735 1117 2806 jam
1140 2740 1265 2807 tempore

160 2838 246 2894 Plauti
286 2837 394 2894 nomine
433 2852 493 2893 esse
525 2836 688 2892 venditatum
727 2854 751 2890 v.
788 2828 867 2892 1683
904 2836 1003 2907 docet,
1051 2837 1086 2892 ad
1120 2854 1147 2892 v.
1184 2829 1264 2894 1363

161 2941 226 2997 dlxi.
269 2940 421 3012 „Querolus
442 2939 494 2996 iste
516 2945 628 3010 noster,
656 2940 742 3011 lnquit
762 2939 821 3011 ipse
843 2939 1005 2996 comoediae
1026 2947 1124 2998 auctor
1145 2941 1173 2996 in
1194 2957 1265 3013 pro-

160 3046 245 3118 logo,
273 3045 398 3101 omnihus
419 3050 462 3100 εει
488 3047 632 3117 molestus,
659 3031 735 3116 Ipsi,
750 3045 773 3100 si
793 3046 834 3101 las
863 3051 920 3116 est,
941 3046 1017 3116 Deo,
1044 3048 1127 3102 homo
1149 3047 1264 3103 ridicule

161 3147 316 3218 iracundus,
338 3147 429 3219 itaque
450 3148 578 3204 ridendus
600 3148 694 3220 magis.
736 3149 879 3205 Disserere
900 3164 961 3204 cuni
982 3150 1036 3206 isto
1058 3149 1159 3223 volupe
1181 3156 1266 3206 estet

162 3252 306 3307 confutare
334 3267 430 3308 vanam
461 3252 599 3308 hominum
632 3249 792 3308 licentiam.“
843 3253 951 3308 Auctor
983 3259 1078 3310 noster
1105 3254 1264 3325 Onerolum,

161 3355 247 3428 qualis
269 3354 349 3411 etiam
370 3354 397 3410 iu
423 3354 566 3412 comoedia
588 3361 716 3427 apparet,
739 3371 851 3411 avarum
873 3361 900 3410 et
925 3371 1052 3428 rapacem
1078 3356 1123 3413 vel
1144 3356 1263 3413 invidum

162 3457 294 3532 depIngit.
332 3459 387 3531 Ipsi
408 3458 540 3533 parasito,
562 3473 651 3530 quem,
674 3464 703 3514 ut
725 3457 834 3528 Cicero,
856 3457 1011 3514 'terentiani
1031 3459 1103 3515 illius
1125 3459 1152 3516 in
1169 3461 1265 3517 Eunu·

162 3565 214 3619 cho
237 3563 345 3620 nomine
357 3561 505 3618 Gnathonis
526 3567 672 3634 nuncupat,
693 3563 784 3618 locum
805 3560 927 3618 invident
937 3563 1062 3619 volones.
1085 3563 1263 3634 Itlagisetiam

161 3667 263 3725 invidia
284 3667 393 3738 laborat
402 3664 495 3721 Zoilus
516 3671 544 3720 et
565 3664 624 3736 lpse
640 3679 749 3734 avarus,
772 3663 818 3735 qui
835 3663 898 3720 lidei
920 3669 948 3719 ct
969 3663 1151 3736 parsimoniae
1173 3666 1265 3738 specie

163 3770 265 3827 domini
286 3767 410 3827 fiduciam
432 3767 485 3824 sibi
506 3766 627 3840 paravit,
650 3783 706 3839 quo
728 3766 811 3822 tutius
833 3766 918 3823 lunari
943 3775 1046 3839 posset.
1089 3769 1161 3826 Satis
1183 3776 1265 3825 notus

162 3880 205 3932 est
230 3874 301 3931 illias
329 3871 499 3945 grammatici
527 3871 554 3926 in
580 3870 699 3927 llomero
727 3869 896 3926 recensendo
918 3870 1005 3942 livor,
1029 3871 1122 3943 quiin
1144 3887 1265 3944 prover-

163 3979 234 4034 bium
257 3977 373 4048 transiit,
395 3974 474 4031 ovid.
496 3974 571 4030 Rem.
593 3973 687 4028 Amor.
709 3991 737 4029 v.
762 3965 838 4029 365:

351 4079 501 4152 Ingenium
523 4077 614 4148 magni
637 4076 772 4133 detrectat
793 4077 866 4134 liuor
887 4077 1007 4148 Ilorneri,

363 4182 489 4256 Quisquis
511 4199 551 4253 es,
574 4197 607 4238 ex
630 4182 687 4254 illo,
710 4182 916 4253 Zoile,nomen
938 4183 1031 4239 hahes.
