2912 4976
713 423 764 502 88

653 529 669 538 ι.
684 529 837 538 --ι--υ--ι-

189 636 392 707 proventusque
413 631 512 688 crebri.
544 629 620 700 Quae
637 647 705 688 vero
722 637 864 703 reguntur,
886 630 942 687 hcc
963 629 1046 698 (sici)
1068 631 1144 703 le'pc,
1166 633 1294 699 ratione,

189 737 293 794 ardiae
317 750 351 794 ac
376 737 434 793 sine
461 735 488 792 vi
514 733 670 808 regentem*
714 735 790 792 Ordo
817 735 864 792 itte
890 734 1058 808 conspicitur
1079 735 1106 790 iu
1129 735 1240 806 agendo
1269 739 1299 788 et

190 838 341 912 loquendo,
367 839 515 914 praecipue
546 855 615 898 vero
646 839 674 896 in
702 837 843 896 discendo.
895 838 956 896 llcc
988 839 1085 895 ordina
1117 837 1297 896 observando

190 949 313 1016 veteres,
340 943 439 1014 iuquit,
461 960 559 1016 magna
581 944 790 1017 praestiterunt,
818 945 864 1013 qul
885 945 919 1001 ab
941 944 1105 1001 adversariis
1126 949 1193 998 tunc
1214 957 1299 1014 sper-

191 1047 338 1119 nehentnr,
367 1047 445 1104 sicuti
472 1047 526 1119 illi,
552 1049 599 1115 nul
625 1065 675 1104 cos
704 1048 944 1118 commendabant,
971 1047 1034 1114 cuia
1060 1047 1142 1103 nimia
1170 1047 1300 1117 flagitare

191 1149 361 1208 vidclrantur.
394 1150 448 1206 lste
459 1149 581 1208 dhcendi
603 1151 684 1222 ordo,
707 1163 786 1220 quem
808 1152 909 1223 laudat,
930 1151 1098 1224 postulabat,
1120 1156 1151 1206 ιιι
1168 1167 1183 1206 a
1201 1166 1300 1221 gram-

191 1255 289 1312 matica
310 1253 472 1327 principium
494 1260 648 1328 caperetur,
671 1271 729 1312 eam
746 1254 888 1329 exciperet
903 1254 1055 1325 dialectice,
1078 1253 1179 1310 deinde
1195 1269 1300 1325 seque-

191 1365 268 1416 retur
289 1358 438 1428 rhetorice,
460 1363 525 1430 post
545 1375 605 1414 earn
626 1357 745 1430 legendo
767 1364 796 1414 et
817 1357 963 1415 scribendo
981 1364 1140 1430 perceptam
1157 1358 1300 1414 coleretur

192 1461 366 1537 philosophie
387 1461 516 1518 naturalis
537 1467 565 1518 et
586 1463 707 1533 moralis,
730 1469 783 1518 tnm
805 1463 922 1530 denique
943 1475 1013 1529 qnae
1034 1468 1132 1535 postea
1154 1461 1300 1517 lacultates

193 1571 256 1622 snut
277 1572 457 1638 nuncupatae,
474 1565 701 1639 jurisprudentia,
723 1565 855 1624 medicine
872 1573 900 1622 ot
915 1564 1058 1636 theologie
1080 1582 1106 1620 v.
1119 1557 1298 1621 325-374.

193 1670 267 1727 llaec
298 1668 325 1725 in
356 1669 461 1725 litteras
492 1669 664 1726 incumbendi
700 1670 774 1728 ratio
810 1677 839 1726 et
874 1669 918 1726 via
954 1669 988 1726 ah
1022 1668 1187 1726 adversariis
1227 1683 1299 1724 eon-

196 1779 313 1846 tempta,
345 1777 424 1829 autea
447 1779 593 1844 consueta,
625 1780 722 1847 postea
755 1780 797 1830 est
827 1773 959 1830 restituta.
1003 1772 1132 1829 Ordinem
1162 1773 1252 1844 repeti
1283 1787 1300 1826 a

195 1876 369 1950 philosophie
394 1876 438 1933 vel
465 1877 642 1950 praecipuum
669 1878 747 1935 huius
775 1879 895 1956 oillcinnr
921 1877 1036 1950 agnosci
1058 1877 1085 1932 in
1107 1875 1206 1933 ordine
1227 1892 1300 1932 con-

196 1980 346 2052 stituendo,
368 1979 474 2036 minime
496 1987 539 2036 est
559 1981 654 2037 mirum
671 1983 859 2056 perpendenti,
881 1981 1083 2055 philosophiam
1105 1987 1161 2036 tnm
1183 1979 1300 2054 potissi-

196 2102 267 2142 mum
293 2085 320 2142 ia
349 2083 496 2140 dividendo
525 2090 553 2140 et
579 2083 732 2143 deliniendo
754 2086 837 2142 luisse
858 2091 1003 2142 verentem.
1052 2085 1082 2142 Si
1103 2103 1130 2142 v.
1155 2077 1217 2140 327
1244 2099 1300 2139 non

197 2189 281 2246 modo
309 2188 405 2246 ordine
439 2186 542 2245 docere
570 2187 683 2260 dicitur,
710 2189 759 2244 sed
787 2188 883 2260 etiam,
911 2189 975 2262 qnid
997 2195 1024 2244 et
1045 2205 1094 2244 cur
1115 2187 1236 2261 quidque
1256 2187 1301 2242 le-

196 2291 315 2366 gendum
337 2291 385 2363 sit,
413 2297 550 2347 teneamus
572 2297 700 2364 oportet,
723 2293 818 2349 artium
840 2291 992 2349 liberalium
1014 2293 1099 2364 vulgo
1122 2292 1149 2347 in
1171 2291 1301 2364 philoso-

197 2395 259 2470 phia
281 2396 537 2468 comprehensarum
561 2401 662 2452 certam
684 2402 711 2452 et
733 2403 901 2452 constantem
923 2397 1006 2453 luisse
1027 2397 1124 2451 scriem
1144 2396 1171 2451 in
1189 2410 1300 2450 earum-

197 2515 250 2573 que
271 2500 455 2574 compendiis,
477 2515 502 2556 e.
525 2515 553 2571 g.
576 2498 603 2554 in
626 2515 676 2571 eo,
698 2500 772 2572 quod
794 2499 903 2572 reliquit
923 2499 1067 2570 Boethius,
1089 2515 1175 2572 opera
1198 2497 1300 2570 ampli-

197 2620 262 2674 ora,
289 2604 360 2658 nude
381 2601 506 2674 singulae
527 2601 687 2674 disciplinae
709 2603 891 2674 discerentur,
918 2603 999 2659 solite
1021 2620 1081 2659 esse
1104 2599 1299 2659 commendari.

197 2707 274 2765 Ordo
300 2707 347 2763 ille
373 2706 497 2763 discendi
518 2705 633 2762 camah
655 2706 820 2763 adversariis
841 2714 1030 2781 sperneretur,
1063 2725 1089 2764 v.
1113 2698 1300 2775 tle-350,

196 2827 292 2869 eornm
315 2827 410 2880 unum,
433 2825 513 2883 quem
535 2809 708 2866 delicetulnm
730 2809 887 2883 pusionem,
910 2811 969 2868 sive
991 2811 1136 2883 agnomine
1159 2827 1174 2866 e
1197 2810 1300 2866 Graeca

196 2916 289 2987 lingua
316 2915 480 2988 deprompto
507 2913 681 2986 Tryphonem
708 2897 842 2986 nominat,
875 2916 1037 2972 ludibundus
1066 2933 1093 2972 v.
1122 2908 1184 2972 350
1213 2915 1300 2971 lihere

197 3018 407 3092 respondentem
434 3017 550 3089 inducit,
576 3024 698 3074 veterum
721 3019 838 3092 scripta,
871 3020 1018 3090 majoribus
1044 3018 1190 3091 diligenter
1217 3017 1300 3087 culta,

197 3124 270 3182 nulla
291 3123 344 3179 alie
366 3122 400 3178 de
420 3138 503 3178 causa
524 3121 642 3193 negligi,
664 3122 716 3178 nisi
737 3123 811 3194 quod
832 3123 949 3179 studium
971 3139 1065 3178 eorum
1087 3121 1233 3194 operosius
1255 3137 1300 3176 es-

197 3234 247 3285 set.
291 3227 385 3298 ltaque
406 3231 513 3299 patrum
533 3225 613 3282 laude
634 3225 783 3298 praemissa
805 3225 879 3282 trivii
899 3226 1032 3281 rationem
1054 3225 1226 3298 exponit,.in
1248 3239 1301 3296 qna

197 3333 252 3390 hoe
274 3328 556 3401 animadvertendum,
585 3329 659 3401 quod
680 3329 850 3386 dialecticam
872 3330 993 3386 nominat
1014 3329 1193 3400 diasirtioem,
1226 3327 1302 3383 cuius

198 3434 326 3493 vocabuli
348 3433 430 3505 origo
453 3433 571 3489 obscura
593 3439 649 3504 est,
676 3440 705 3490 et
726 3433 883 3491 rhetoricen
905 3433 1002 3491 dividit
1022 3434 1048 3489 in
1070 3431 1212 3504 synthesim
1233 3431 1252 3486 i.
1275 3447 1301 3486 c.

197 3538 335 3598 scribendi
363 3536 601 3608 exercitationem,
633 3537 722 3611 lexin,
749 3539 914 3610 scriptorum
937 3543 1059 3594 veterum
1080 3535 1241 3606 lectionem,
1275 3539 1303 3589 et

200 3641 293 3701 rheain
313 3643 331 3698 i.
354 3659 380 3698 e.
403 3640 510 3697 dicendi
532 3641 576 3697 vel
597 3639 715 3697 docendi
736 3642 900 3698 facultatem.
954 3641 1072 3697 Triviam
1094 3639 1150 3695 hoc
1170 3637 1217 3694 uhi
1238 3638 1302 3710 phi-

197 3745 325 3819 losophia
361 3745 512 3802 naturalis
548 3750 576 3800 et
610 3745 733 3801 morulis
770 3745 898 3818 excipere
935 3745 1050 3814 dicitur,
1097 3759 1163 3798 sene
1201 3741 1324 3799 obser-·

197 3849 330 3921 vandum,
355 3848 511 3906 Aristotelis
532 3848 619 3906 libros
641 3849 777 3905 naturales
799 3854 827 3904 et
848 3848 965 3903 morales
987 3847 1034 3902 illa
1056 3851 1147 3902 aetate
1168 3844 1195 3900 in
1217 3844 1303 3912 Gallia

197 3959 226 4010 et
246 3953 345 4024 Anglia
373 3953 492 4010 nondum
514 3952 602 4009 lectos
628 3968 689 4008 esse
716 3951 779 4008 dici.
828 3949 944 4017 (lourd.
968 3948 1128 4030 Geschichte
1150 3947 1199 4004 der
1220 3946 1303 4002 Arist·

197 4054 334 4114 Schrilten
355 4055 392 4112 ina
413 4055 577 4112 llittelalter.
621 4055 740 4112 Deutsch
761 4069 817 4112 von
838 4055 929 4125 Stahu,
951 4071 979 4126 p.
1001 4045 1094 4119 238.)
1140 4051 1223 4118 Quod
1251 4050 1305 4107 etsi

197 4174 292 4218 aerum
318 4165 404 4230 esset,
437 4165 526 4216 tamen
553 4159 684 4216 moralem
710 4157 911 4231 philosophiam
935 4158 992 4228 iana
1018 4153 1190 4214 llildehertus
1212 4155 1304 4212 l'uro-
