2924 4974
602 495 646 574 31

144 701 218 765 835.
253 698 406 782 Quisquid
426 700 498 762 luna
518 699 637 781 premit,
663 717 703 761 en
719 704 850 780 quatuor
870 703 917 760 ost
931 696 1098 774 elementis,

336 816 375 878 Et
395 833 474 896 quae
495 814 722 894 transcendunt,
743 814 927 896 simpliciora
947 819 1040 896 putat

254 933 367 1013 lllaque
388 937 537 1014 perpetua
559 929 662 994 definit
681 949 759 1012 paee
779 931 896 1014 vigere,

339 1047 426 1123 Quae
447 1064 540 1129 supra
560 1047 658 1110 solem
679 1047 810 1110 circulus
832 1047 908 1110 altus
929 1045 1028 1108 habet.

254 1165 324 1228 Non
344 1163 386 1226 ibi
407 1163 594 1226 committunt
615 1162 737 1244 aliquod
759 1163 909 1226 contraria
930 1161 1054 1239 bollum,

147 1281 222 1344 840.
338 1280 415 1343 Nam
436 1279 594 1361 tranquilla
616 1281 702 1361 quies
724 1277 868 1342 ulteriora
889 1277 981 1342 louet

224 1447 231 1459 .
255 1395 294 1458 Ut
313 1395 422 1460 tierent
442 1397 569 1475 animae,
590 1395 755 1458 substantio
776 1395 879 1476 quintu
900 1400 1030 1473 creatur,
1115 1397 1289 1480 paunteau

341 1513 389 1576 De
409 1531 469 1594 qua
489 1511 627 1594 signiferi
648 1515 767 1574 constat
788 1511 877 1593 origo
898 1510 970 1594 poli.
1127 1471 1287 1521 queam...

257 1630 311 1693 llla
330 1630 489 1694 beatorum
509 1627 612 1705 sedes,
633 1628 712 1692 haec
734 1627 801 1691 aula
821 1627 966 1707 Deorum,

341 1745 417 1809 Nam
438 1745 535 1826 magis
550 1750 620 1827 apta
635 1745 714 1822 Deo,
731 1761 810 1826 quae
826 1745 972 1827 gravitate
989 1749 1101 1808 carent.

152 1864 227 1928 845.
260 1863 425 1925 Aeternum
442 1860 585 1924 mundum
601 1863 704 1924 statuit
714 1868 899 1944 'tempusque
914 1878 1072 1940 coaevum,

343 1977 458 2058 Hisque
479 1983 662 2040 coaeternus
684 1977 792 2041 dieitur
813 1995 882 2041 osse
903 1977 998 2041 locus.

259 2094 368 2176 Nilque
388 2095 491 2176 perire
512 2093 612 2172 docet,
634 2094 689 2158 sed
705 2095 735 2157 in
749 2094 854 2157 orbem
870 2099 977 2157 cuneta
991 2093 1084 2156 rotari

341 2210 379 2273 Et
399 2210 468 2273 loca
488 2210 676 2292 temporibus
698 2211 848 2292 quaelibet
869 2213 938 2293 apta
958 2210 1031 2272 suis.

259 2327 314 2390 Est
334 2325 530 2404 individuum,
551 2326 694 2408 quicquid
716 2333 821 2390 natma
843 2327 969 2403 creavit,
1107 2337 1161 2386 ouon
1180 2343 1246 2376 nour·
1266 2337 1304 2375 m.

153 2446 227 2508 850.
344 2441 579 2524 Conlormisque
599 2450 693 2507 status
716 2451 762 2508 est
786 2444 911 2507 rationis
934 2459 1021 2524 opus.
1106 2410 1305 2526 ὛῗζῇᾞΫ

261 2560 294 2626 Si
309 2561 376 2643 quis
387 2559 579 2622 Aristotelem
594 2561 722 2642 primum
734 2577 797 2624 non
810 2564 914 2622 censet
923 2557 1104 2635 habendum,
1131 2549 1280 2659 ‘'ww'‘

344 2676 414 2738 Non
435 2675 533 2738 reddit
553 2677 666 2738 meritis
686 2675 821 2759 praemia
842 2674 933 2756 digna
955 2675 1027 2736 suis.
1148 2631 1266 2730 aarum}

263 2792 387 2856 Cunctis
408 2791 588 2873 principium
609 2792 738 2855 linernve
760 2790 882 2854 dedisse
904 2790 1051 2874 probatur

344 2908 481 2984 Artibus3
502 2908 623 2987 evincit,
645 2907 788 2989 quicquid
808 2907 922 2970 habere
944 2907 1035 2990 eupit.

114 3038 118 3049 '
154 3029 228 3091 855.
263 3025 353 3102 Quod
369 3025 467 3108 potuit
477 3042 657 3105 quemquem
673 3026 749 3088 ratio
761 3024 910 3086 mundana
922 3022 1045 3099 docere,

346 3141 423 3204 lluio
434 3140 526 3218 dedit,
537 3146 570 3203 ut
585 3139 693 3203 fierent
704 3139 843 3222 dogmata
855 3139 944 3222 plena
955 3137 1025 3201 lide.

265 3256 417 3338 Quicquid
428 3257 507 3319 enim
519 3254 631 3333 docuit,
645 3255 788 3318 docuisse
803 3261 924 3338 putatur
933 3254 1055 3337 Apollo,
1121 3271 1176 3318 ouo
1185 3270 1295 3308 setosus

348 3373 376 3434 Α
392 3389 453 3453 quo
468 3371 662 3454 progenitum
677 3371 777 3434 inbula
794 3371 910 3434 Graeca
925 3371 1026 3434 refert.
1120 3341 1295 3462 ⁶⁵⁰¹fps1ssnf¹⁵⁰⁸

264 3489 393 3552 Plurima
404 3507 472 3553 oum
484 3495 568 3550 recte
580 3485 698 3565 doeeat,
709 3493 809 3550 tamen
820 3493 901 3550 erret
910 3488 941 3549 in
952 3487 1015 3564 illo,
1122 3528 1297 3578 mmm„

158 3607 230 3670 860.
349 3604 439 3680 Quod
460 3621 583 3688 semper
602 3604 726 3686 reliquis
749 3603 855 3667 obvius
876 3605 921 3666 ire
942 3609 1041 3685 parat3
1122 3597 1297 3710 mffissssum

264 3722 341 3786 Nam
352 3721 423 3785 licet
437 3723 468 3784 in
483 3723 606 3785 summis
617 3721 706 3784 luerit
715 3719 890 3803 praeclarus
901 3719 1068 3797 habendus,

352 3837 495 3920 Captatur
515 3838 612 3902 laudis
634 3834 847 3900 immoderatus
870 3837 934 3899 erit.

228 4122 261 4171 V.
279 4118 338 4171 8³7.
356 4121 447 4172 delinit
463 4121 496 4180 H,
514 4119 609 4170 dilituit
626 4121 655 4170 L.
690 4119 722 4168 V.
740 4116 797 4167 849.
816 4116 879 4178 Arg.
900 4117 975 4178 Quod
993 4116 1067 4166 deest
1084 4115 1111 4163 lu

161 4189 223 4247 lim,
242 4188 372 4249 quaedam
390 4188 499 4238 rationis
517 4187 573 4246 Lm,
592 4186 701 4238 rationis
719 4197 763 4247 qu.
782 4185 844 4234 llm.
879 4185 926 4232 l'u.
945 4182 993 4233 857
1012 4187 1037 4233 ot
1053 4181 1111 4232 aaa.

161 4253 243 4316 drgg.
263 4255 360 4305 desunt
377 4253 404 4303 in
421 4255 484 4304 llm.
