2912 4976
168 594 195 648 p.
222 569 280 632 139
302 575 477 648 describitur,
499 577 621 651 hospitio
644 583 687 634 est
708 584 851 651 exceptus,
866 575 1031 648 lugaidum,
1054 581 1084 630 ut
1105 589 1159 631 non
1182 570 1276 628 omnia

165 683 274 754 quidem
301 683 388 754 gratis
416 682 569 755 acciperet,
601 683 739 740 heneliciis
766 689 855 739 tamea
881 681 993 740 affectus
1024 678 1128 751 gratias
1160 676 1279 733 deberet

167 803 227 842 cum
241 786 340 842 ceteris
363 786 457 858 sociis,
479 792 534 842 lum
556 787 674 859 presidi.
717 787 841 858 Magistri
863 801 956 842 omnes
978 784 1090 840 ibisunt
1110 779 1203 838 clerici
1226 783 1277 835 aut

168 889 304 958 monachi,
326 889 375 944 sed
397 889 478 946 vitam
501 897 584 961 agunt
596 891 756 948 dissolutam
777 906 866 962 neque
888 905 920 944 ea
942 895 1004 945 suat
1023 887 1196 954 liberalitate,
1218 899 1275 956 qua

167 999 385 1065 exspectaverat.
408 991 499 1048 llores
511 992 568 1048 eius
580 993 619 1049 illi
636 1009 696 1048 cum
707 993 862 1049 severiores
873 990 1013 1064 reperiant
1023 989 1164 1063 ipsamque
1174 987 1201 1042 in
1212 987 1275 1043 dis-

164 1096 285 1168 putando
299 1095 351 1152 sihi
362 1096 472 1152 omnino
486 1096 682 1167 adversarium,
694 1113 754 1152 eum
767 1096 858 1152 odisse
870 1101 1021 1166 caeperunt,
1038 1092 1158 1166 inprimis
1169 1106 1274 1163 preses

164 1200 286 1272 hospitii,
303 1199 348 1272 qui
359 1199 477 1256 fortasse
489 1199 575 1256 miuus
586 1183 656 1256 lucri
671 1201 734 1256 iude
744 1200 857 1272 lecerat,
870 1215 949 1272 quarn
961 1202 1129 1270 speraverat,
1151 1210 1274 1267 preser-

165 1305 211 1358 tim
223 1319 283 1359 cum
295 1302 433 1358 lohannes
444 1302 561 1359 fortasse
576 1319 631 1358 uou
643 1303 765 1375 largiore
776 1303 889 1376 pecunia
901 1309 973 1360 esset
983 1302 1138 1370 instructus,
1150 1305 1179 1354 ut
1190 1298 1275 1354 multa

165 1423 220 1462 noa
241 1405 292 1462 nisi
309 1421 357 1462 sua
374 1406 426 1461 lide
439 1411 550 1475 emeret,
571 1422 617 1462 aes
639 1407 754 1462 alienum
771 1407 934 1463 contrahere
949 1411 1072 1475 coactus,
1094 1420 1148 1476 quo
1165 1401 1274 1476 quidem

165 1525 272 1582 semper
290 1523 350 1564 eum
372 1509 492 1564 exsulem
514 1505 643 1565 laborare
665 1509 795 1565 videmus.
817 1509 868 1582 Ep.
891 1504 922 1565 17
943 1508 1031 1581 Bouq.
1053 1507 1126 1564 XVI.
1149 1523 1177 1579 p.
1201 1500 1273 1562 505.

248 1613 376 1669 Videmus
393 1612 476 1683 igitur
498 1627 554 1667 non
569 1628 683 1683 parvum
699 1629 838 1668 numerum
856 1611 969 1668 0xonie
985 1611 1068 1668 luisse
1085 1611 1205 1666 aularum
1225 1625 1274 1664 seu

165 1717 362 1788 hospitiorum,
391 1731 540 1787 eorumque
562 1715 616 1772 duo
639 1715 761 1788 inprimis
783 1716 866 1772 luisse
887 1731 1001 1787 genera,
1023 1715 1107 1770 altera
1129 1712 1275 1784 inquibus

166 1835 222 1874 ιιοιι
245 1819 297 1874 nisi
319 1819 412 1876 clerici
434 1819 575 1888 viverent,
606 1819 707 1892 altera,
735 1819 832 1892 quihus
859 1819 996 1876 seculares
1017 1819 1063 1874 vel
1084 1819 1161 1890 quasi
1181 1815 1277 1872 clerici

163 1923 222 2012 jurg'
241 1922 360 1978 fortasse
382 1929 409 1978 et
430 1922 569 1978 medicine
592 1937 705 1994 operam
732 1928 872 1994 cavantes,
895 1921 941 1994 qui
962 1921 1093 1977 liberiore
1114 1919 1184 1991 vita,
1210 1919 1274 1976 lau·

168 2027 240 2082 tiore
262 2025 336 2080 uictu
359 2025 512 2098 vestituque
534 2025 664 2096 distincti,
687 2025 794 2083 clericis
816 2043 846 2082 se
867 2025 1070 2098 prestantiores
1091 2025 1135 2082 vel
1151 2023 1275 2080 nobilio-

165 2145 209 2184 res
231 2128 326 2188 haheri
348 2129 487 2198 volebant,
509 2145 534 2184 v.
560 2122 638 2184 1565
662 2146 720 2202 sqq.

251 2231 387 2304 Gaiusque
408 2249 477 2289 vero
499 2231 612 2303 hospitii
634 2233 714 2302 socii,
737 2239 767 2289 ut
788 2249 956 2290 communem
969 2233 1105 2306 hospitem
1116 2240 1143 2288 et
1165 2233 1273 2306 praesi-

166 2337 226 2391 denr
255 2334 406 2405 habebant,
439 2335 612 2406 disciplinae,
645 2336 763 2394 fortasse
797 2338 878 2393 etiam
909 2338 1041 2394 doctrina
1073 2338 1273 2406 communione,

167 2438 261 2494 clerici
288 2444 432 2510 praetereo
460 2438 553 2494 eadem
580 2438 669 2496 victus
697 2447 724 2495 et
744 2441 858 2496 vestitus
879 2441 987 2497 ratione
1018 2448 1119 2498 sectam
1142 2440 1274 2514 quandum

167 2544 333 2614 efficiebant,
356 2562 382 2600 v.
408 2537 487 2600 1566
509 2549 537 2600 et
562 2537 649 2600 1583.
692 2545 824 2617 Magistri,
852 2545 897 2618 qui
918 2545 1038 2618 hospitio
1060 2545 1166 2618 recepti
1186 2551 1273 2614 erant,

166 2650 190 2704 si
212 2655 308 2706 contra
329 2647 469 2704 societatis
492 2648 569 2718 leges
591 2654 761 2719 peccassent,
783 2647 892 2721 praesidi
913 2648 1059 2704 accusandi
1076 2649 1121 2720 jus
1143 2649 1188 2705 vel
1208 2648 1273 2704 olli-

166 2754 235 2809 cium
257 2758 331 2822 erat,
354 2757 381 2806 et
403 2751 441 2806 illi
468 2750 639 2824 supellectile
660 2768 710 2808 suo
738 2751 863 2808 mulctari
888 2757 1031 2824 poterant,
1059 2769 1085 2808 r.
1109 2744 1188 2807 1535
1211 2769 1271 2824 sqq.

166 2857 267 2912 Praeses
289 2855 402 2928 hospitii
423 2853 504 2910 etiam
526 2854 700 2926 dispensator
722 2861 780 2926 cst,
808 2855 856 2926 qui
882 2871 934 2927 pro
962 2871 1034 2926 penu
1061 2855 1272 2912 administranda

167 2965 242 3014 certa
272 2959 453 3014 emolumenta
479 2957 604 3014 habebat.
649 2957 772 3031 Utroque
794 2960 871 3030 jure,
902 2958 927 3013 si
955 2975 1055 3031 pravus
1077 2965 1151 3029 erat,
1178 2960 1271 3030 quales

168 3070 222 3118 tum
250 3063 342 3134 plures
372 3062 456 3118 luisse
485 3062 627 3131 dicuntur,
659 3062 739 3118 lacile
764 3062 840 3118 abuti
865 3062 962 3136 potuit.
1005 3061 1067 3117 Non
1093 3060 1176 3119 modo
1203 3062 1273 3120 socii

166 3183 222 3239 quo
245 3165 374 3238 ditiores,
408 3182 442 3222 eo
464 3165 604 3237 gratiores
637 3170 728 3235 erant,
760 3165 881 3237 quamvis
903 3180 958 3221 aco
985 3180 1075 3234 suam,
1103 3169 1152 3220 sed
1178 3165 1272 3238 publi-

168 3286 226 3328 cam
249 3269 391 3341 pecuniam
412 3267 464 3324 sibi
486 3267 656 3324 commissam
679 3274 883 3338 consumerent,
906 3285 931 3322 v.
956 3260 1046 3338 1592,
1067 3266 1116 3324 sed
1138 3285 1274 3342 pauperes

168 3374 279 3430 omuino
302 3371 544 3430 contemnebantur
566 3373 605 3436 (ι.
631 3363 735 3437 1538.)
758 3388 774 3426 a
795 3371 894 3442 sociis,
916 3369 1018 3444 quippe
1039 3370 1086 3444 qui
1107 3387 1162 3442 non
1183 3373 1293 3446 probe

166 3477 289 3532 viventes
319 3475 450 3546 Judicium
483 3490 578 3530 eorum
617 3474 783 3530 verebantur
820 3475 943 3530 severius
981 3481 1007 3530 et
1033 3491 1109 3548 egre
1138 3475 1273 3547 lerebant,

167 3597 216 3636 eos
237 3579 323 3634 minus
346 3579 380 3634 ad
402 3593 570 3638 communem
591 3579 691 3634 victum
714 3577 886 3634 conferentes
909 3577 1006 3634 eodem
1027 3577 1089 3634 lrui.
1132 3579 1272 3637 Praesides

167 3699 236 3740 vero
264 3681 416 3754 peregrinis
444 3681 580 3753 magistris
608 3682 688 3737 etiarn
715 3680 926 3752 insidiabantur,
958 3698 1107 3755 eorumque
1132 3699 1272 3741 sermones

168 3784 365 3856 observabant,
397 3792 426 3840 ut
447 3786 525 3858 quasi
550 3785 665 3858 injuriae
697 3784 816 3842 convicti
841 3785 924 3842 rebus
956 3785 1011 3842 suis
1042 3786 1143 3858 privati
1178 3787 1272 3844 disce-

169 3890 236 3946 dere
273 3895 456 3960 cogerentur,
494 3904 549 3961 quo
588 3888 615 3944 in
649 3895 749 3944 conatu
781 3905 797 3944 a
833 3889 972 3945 sociorum
1004 3891 1080 3947 vanis
1112 3891 1272 3948 testimoniis

168 3993 374 4064 adjuvabantur.
420 3991 496 4060 Quae
518 3992 625 4067 quidem
648 3992 715 4048 vitia
736 4009 762 4050 v.
789 3984 961 4050 1623-24
983 3994 1201 4067 comprehendit,
1223 3995 1271 4052 ubi

167 4096 328 4169 mendaces,
358 4096 477 4168 bibulos,
510 4096 662 4166 helluones,
694 4095 791 4167 quibus
812 4102 909 4154 venter
936 4103 977 4154 est
1005 4099 1084 4168 deus,
1114 4099 1196 4171 fures,
1224 4099 1271 4172 qui
