2912 4976
646 445 846 560 --Ξῖ-4...

196 647 292 714 postea
313 644 375 716 regi
395 645 556 706 servierunt.
602 649 751 726 Utrumque
778 660 866 710 umes
887 655 944 725 jam
967 657 1096 728 Stephani
1121 659 1149 714 iu
1178 658 1298 730 negotiis

196 745 278 804 luisse
319 754 455 806 versatum
496 757 524 808 et
571 752 685 826 lleuriei,
716 755 740 812 ll
781 759 862 812 etiam
904 762 968 814 eute
1016 775 1040 816 a.
1092 755 1193 832 1160,
1242 779 1297 834 quo

195 867 304 908 earmeu
324 852 506 926 compositum
527 871 588 912 esse
609 855 761 930 docuimus,
782 875 837 916 uua
859 865 911 932 est,
933 862 1008 933 quad
1023 862 1188 921 dubitemus.
1222 865 1298 921 ileu-

195 953 281 1010 rieuur
304 957 445 1028 veroium
466 959 542 1032 prius
563 976 618 1017 uon
640 962 758 1033 eelasse,
786 962 851 1036 quid
872 969 969 1021 eontra
991 967 1135 1024 ecelesiam
1156 970 1184 1025 iu
1207 970 1298 1026 auimo

195 1061 323 1134 haberet,
344 1071 427 1138 atque
453 1067 602 1126 simultates
630 1069 701 1126 iuter
727 1086 821 1142 regem
849 1078 876 1127 et
902 1071 1046 1129 eeclesiam
1068 1073 1126 1144 J'am
1152 1079 1217 1128 aute
1243 1074 1298 1131 hoe

196 1172 300 1241 tempus
321 1183 381 1226 esse
403 1177 525 1243 coeptas,
547 1177 575 1228 et
595 1187 704 1230 uarmeu
726 1179 848 1231 nostrum
869 1175 924 1232 lrue
945 1177 1010 1233 lueu
1032 1177 1185 1246 euutirmat,
1208 1193 1297 1249 ueque

194 1269 247 1327 ulia
267 1271 366 1328 iudicia
388 1272 491 1330 desunt
518 1275 587 1331 Nihil
609 1276 679 1332 euim
701 1277 783 1346 aliud,
805 1276 856 1334 uisi
877 1278 952 1350 ragis
969 1279 1026 1350 jam
1037 1294 1182 1352 erumpens
1204 1280 1298 1336 iuimi-

195 1374 257 1432 eitia
286 1374 437 1434 lulmuueur
464 1385 587 1436 nostrum
615 1379 649 1436 de
671 1380 731 1436 aula
760 1381 876 1453 repulit,
909 1381 973 1438 uihil
1006 1381 1080 1438 aliud
1111 1383 1298 1440 theobaldum

194 1479 351 1550 commovit,
374 1487 404 1538 ut
422 1482 600 1540 moribundus
621 1498 716 1556 regam
739 1484 814 1555 pecie
832 1484 983 1542 servandae
1004 1491 1138 1555 moueret,
1160 1487 1226 1561 (Ep.
1244 1481 1296 1556 64,

194 1581 263 1638 liar.
275 1582 343 1638 Bibl.
355 1583 426 1640 Patr.
439 1583 540 1655 XXlll,
552 1585 602 1658 Ep.
615 1579 664 1642 64.
676 1603 703 1658 p.
715 1580 788 1656 427,
798 1586 883 1659 Bouq.
895 1585 970 1657 XVl,
986 1606 1012 1661 p.
1025 1581 1099 1654 503)
1116 1595 1144 1645 et
1154 1588 1295 1655 Thumam,

192 1691 223 1740 ut
247 1685 308 1758 regi
334 1687 533 1762 archiepiscopi
559 1689 719 1760 (lignitatem
740 1687 867 1746 efferenti
893 1690 937 1747 vel
965 1691 1123 1748 obtrudeuti
1144 1697 1199 1748 tam
1221 1691 1297 1746 ueri·

193 1796 234 1846 ter
250 1789 398 1848 resisteret.

275 1893 311 1950 ttt
336 1894 371 1951 ad
397 1894 558 1954 llielrardum
585 1903 612 1953 et
638 1896 786 1954 liebertum
813 1897 970 1970 redeamus,
1002 1905 1117 1971 uterque
1143 1899 1195 1955 luit
1220 1899 1294 1968 regis

189 1997 359 2070 iustitiarius,
381 2015 541 2072 quamquam
562 2017 617 2058 uuu
639 2002 737 2060 eodem
759 2009 896 2075 tempure,
923 2003 973 2060 sed
993 2020 1061 2060 uuus
1082 2009 1148 2076 pust
1168 2003 1302 2070 alterum3·

191 2101 341 2158 lliuluardus
368 2101 438 2158 euim
463 2104 623 2176 plerumque
642 2106 759 2178 Angliue
786 2106 940 2179 praefectus
966 2107 1122 2179 appellatur
1148 2107 1296 2178 superstite

191 2205 324 2277 ttoterto,
346 2211 410 2278 pust
431 2205 488 2264 elus
510 2214 624 2264 mortem
642 2208 820 2279 justitiarius,
847 2225 903 2282 quo
925 2225 1036 2266 munere
1058 2216 1136 2266 autea
1157 2209 1294 2266 Rubertus

192 2316 252 2367 erat
281 2310 396 2366 lunetus.
449 2309 624 2382 llaudrogeri
663 2312 772 2368 uumiue
804 2312 923 2386 judicem
956 2313 1105 2384 signilleari
1141 2329 1202 2369 eum
1241 2329 1294 2384 ap-

192 2418 301 2486 pareat,
337 2412 384 2472 vix
420 2413 489 2472 allus
527 2430 588 2470 esse
625 2421 717 2486 potest
753 2422 833 2488 atque
871 2415 1006 2472 llobertus
1044 2416 1079 2473 (le
1120 2415 1294 2472 Bellomuute

192 2517 382 2590 legecestriae
403 2533 504 2576 eomes.
527 2517 577 2576 llie
598 2519 666 2576 lilius
688 2519 801 2576 liuberti
823 2520 856 2576 de
878 2520 996 2591 llelleut,
1018 2520 1064 2593 qui
1085 2536 1110 2576 a.
1126 2513 1206 2578 1116
1217 2534 1295 2576 mor·

193 2629 253 2678 tuus
275 2627 334 2678 erat
360 2621 462 2695 (Buuq.
483 2619 558 2693 XlV,
580 2639 607 2696 p.
630 2618 661 2693 4,
684 2640 709 2680 a.
732 2630 760 2680 et
781 2617 872 2693 268),
895 2640 918 2678 a.
945 2615 1039 2693 1138,
1069 2627 1137 2678 testa
1159 2620 1294 2680 Orderieu

191 2725 286 2797 vitali,
305 2725 333 2782 iu
355 2725 440 2784 Gellia
467 2741 609 2799 protege
631 2727 770 2800 Stephano
793 2727 928 2800 pugnavit
948 2727 1053 2798 (Bauq.
1076 2725 1150 2797 Xlll,
1171 2742 1198 2799 p.
1222 2719 1293 2796 559,

192 2831 232 2895 u.)
253 2844 370 2901 quocum
392 2829 481 2901 etiam,
503 2835 573 2886 teste
595 2829 720 2887 carminis
742 2830 829 2888 nostri
845 2835 960 2887 uueture
981 2831 1022 2896 (v.
1037 2822 1121 2899 153),
1143 2827 1294 2884 arctissime

193 2933 351 3004 conjunctus
379 2938 445 2990 erat
499 2932 554 2990 Sed
580 2940 677 3004 postea
704 2933 739 2989 ad
760 2932 919 3002 Uerritum,
953 2933 1010 3005 qui,
1041 2939 1072 2988 ut
1097 2933 1170 2988 bella
1197 2939 1293 2989 eontra

192 3037 357 3110 Stephanum
396 3035 553 3106 moliretur,
595 3036 629 3092 ad
647 3047 650 3056 ’
666 3035 793 3107 mugilum
828 3037 985 3109 appulerat,
1029 3035 1135 3092 transiit
1177 3036 1292 3109 (Buuq.

191 3140 266 3211 Xlll,
287 3158 313 3214 p.
336 3133 386 3212 91,
408 3139 449 3205 b.)
471 3145 499 3196 et
520 3139 553 3195 ab
576 3140 634 3195 eius
658 3145 737 3212 parte
758 3139 868 3196 lurtiter
888 3139 1022 3211 pugnavit
1034 3141 1073 3212 (p.
1089 3131 1141 3209 43,
1163 3140 1211 3204 e).
1232 3139 1292 3194 Nu-

191 3245 240 3302 bili
264 3246 330 3302 loeo
358 3250 435 3302 ortus
462 3242 638 3316 maximisque
666 3243 763 3316 opilius
791 3243 938 3299 instructus
964 3243 1035 3300 iuter
1061 3242 1164 3315 primus
1184 3242 1295 3298 Heuriei

191 3355 282 3423 partes
305 3354 346 3403 est
366 3348 520 3419 amplexus,
543 3363 628 3419 quare
649 3347 759 3403 summis
780 3341 908 3420 praemiis
930 3363 945 3402 u
967 3361 1035 3418 rege
1057 3362 1116 3401 eum
1139 3362 1200 3402 esse
1223 3345 1295 3402 alle-

192 3460 264 3509 ctum
274 3459 303 3508 et
323 3451 511 3524 suspicandum
523 3458 565 3507 est
586 3458 614 3506 et
624 3450 777 3508 testimonia
794 3451 926 3507 affirmant
942 3450 1085 3507 luculenta.
1109 3450 1149 3505 Cl.
1172 3443 1292 3506 v1363.

190 3557 230 3613 lta
241 3557 446 3611 instrumentum
462 3555 552 3627 pasis,
570 3554 604 3610 de
626 3569 679 3627 qua
702 3570 726 3611 a.
747 3548 826 3610 1160
843 3553 1090 3610 iuterLudovieum
1112 3560 1140 3608 et
1149 3553 1293 3610 tleurieum

191 3665 371 3729 convenerat,
394 3657 506 3714 liuberti
527 3673 612 3728 agros
634 3673 649 3713 a
671 3657 811 3715 luduvico
833 3657 860 3714 iu
882 3656 992 3714 lleuriei
1013 3657 1142 3713 ditionem
1164 3658 1292 3714 vindieat·

191 3765 335 3835 (Bouquet.
346 3760 410 3818 Vol.
423 3758 498 3830 XVl,
510 3777 537 3832 p.
550 3753 613 3825 21).
636 3759 751 3827 Quando
773 3760 868 3817 summi
884 3759 1021 3818 lustitiarii
1042 3761 1161 3818 ullleluru
1182 3762 1217 3818 ad
1232 3778 1292 3818 eum

190 3869 225 3924 sit
246 3867 379 3936 delatum,
407 3865 472 3921 alibi
494 3881 548 3920 nou
571 3863 701 3934 traditur,
727 3861 755 3919 id
782 3870 846 3920 aute
867 3880 963 3920 aunum
988 3857 1066 3921 1160
1092 3863 1193 3921 laetum
1221 3882 1291 3935 esse,

190 3970 303 4028 carmini
323 3975 419 4027 nostro
441 3967 613 4025 eredendum.
656 3967 724 4024 lium
744 3965 896 4040 praefuisse
912 3967 1029 4040 judicio,
1049 3984 1103 4041 quo
1126 3969 1242 4026 Thomas
1265 3986 1289 4024 a.

194 4069 272 4132 1164
295 4081 337 4130 est
359 4073 567 4142 condemnatus,
590 4087 650 4127 eum
671 4069 761 4128 Aluus·
782 4071 916 4128 Historia
937 4073 1090 4145 tripartita
1116 4072 1214 4144 tradit,
1236 4079 1291 4129 tum

190 4185 218 4234 et
239 4179 323 4251 ipsius
345 4177 419 4248 regis
448 4174 598 4232 mundatum
623 4174 777 4244 coufirmat,
806 4189 860 4245 quo
882 4172 1047 4232 Ludoviuum
1069 4175 1172 4232 Galliae
1197 4193 1292 4249 regem
