2912 4976
654 465 703 543 63

595 570 777 579 —0———0-

205 667 294 729 1755.
329 665 462 729 lluribus
480 673 527 729 est
543 667 719 730 tribuendus
730 667 831 730 honor
841 663 997 748 cultusque
1009 666 1152 748 probatis,

412 783 449 845 Et
470 781 577 844 merita
599 783 668 846 iidei
690 783 868 846 conciliatur
889 800 982 845 amur.

329 897 404 960 Nam
424 899 504 961 solet
524 897 672 961 interdurn
693 899 739 962 vis
761 905 944 980 extorquere
966 899 1112 976 tiruoreur,

412 1015 525 1078 Sternit
546 1021 576 1077 et
597 1015 707 1077 invitus
730 1023 819 1098 atque
840 1015 969 1078 subesse
991 1013 1070 1092 lacit,

330 1129 448 1194 Serviat
468 1137 502 1194 ut
521 1131 629 1194 uolens
652 1131 716 1193 aliis
738 1132 854 1214 captiva
875 1129 1024 1209 voluutas,

206 1249 296 1310 1760.
412 1247 527 1310 Territa
549 1247 726 1310 verberibus
749 1253 779 1309 et
800 1247 947 1312 stimulata
969 1249 1070 1324 ruinis3

331 1361 392 1426 Scri
419 1363 572 1446 perlectus
595 1381 680 1426 curer
701 1363 808 1446 procul
828 1361 910 1426 huuc
931 1361 1001 1426 lacit
1022 1383 1092 1426 esse
1113 1365 1153 1426 ti-

879 1496 1005 1558 rnorem,

413 1593 488 1658 Nam
499 1595 569 1659 lacit
579 1597 745 1677 ingenuum
757 1613 907 1678 quemque
919 1595 1047 1677 pudicus
1060 1613 1152 1658 aanor.

331 1709 438 1774 Libera
459 1711 632 1794 philosophi
654 1713 715 1774 vitu
736 1719 782 1774 est
803 1717 833 1774 et
854 1711 947 1774 libera
968 1710 1082 1793 lingua,
1156 1719 1210 1766 tuot
1225 1721 1300 1759 utum
1314 1722 1355 1769 ru·

413 1827 466 1890 Est
487 1827 630 1891 libertatis
652 1833 758 1890 auctor
779 1829 898 1908 utrique
919 1827 1012 1890 Deus.
1168 1793 1267 1840 ''W'‘
1280 1791 1340 1830 Μ’

209 1943 299 2005 1765.
333 1943 415 2025 Ergo
431 1943 636 2026 philosophus
652 1943 724 2007 colit
739 1944 807 2021 hos,
823 1963 901 2026 ques
920 1943 1017 2007 credit
1034 1944 1157 2020 auricus,

414 2057 474 2122 Aut
495 2077 573 2140 quos
596 2061 712 2122 avitiis
734 2078 827 2143 posse
847 2059 948 2123 redire
970 2065 1062 2143 putat.

331 2175 399 2240 Nou
417 2176 568 2255 homiues
586 2175 740 2240 homiuum
756 2177 966 2254 suuturubrae,
979 2195 1056 2258 quus
1068 2176 1159 2237 habet

907 2292 988 2355 orbis

415 2407 599 2472 Brutesceus
619 2408 707 2485 vitiis,
729 2425 797 2470 curn
818 2409 936 2472 ratione
958 2415 1048 2471 caret

336 2523 415 2600 Quid
437 2525 487 2587 tibi
500 2543 567 2586 curu
581 2523 671 2586 larris
687 2526 857 2606 sapientum
869 2523 981 2608 dogma
1001 2526 1158 2608 sequenti?

211 2642 300 2703 1770.
422 2639 542 2716 Dicent,
564 2640 594 2700 ri
617 2637 726 2721 fugias,
749 2641 833 2702 ocius
854 2641 897 2703 itu
920 2639 1011 2704 iuras.

334 2757 424 2820 Plena
445 2755 608 2836 supercilio
629 2756 656 2816 si
677 2755 763 2818 turba
784 2754 911 2839 repellit,
934 2757 1013 2820 abitu
1161 2772 1215 2818 uuor
1236 2773 1290 2810 utus
1313 2773 1359 2808 vu·

416 2869 453 2934 Et
474 2876 701 2952 contemptores
721 2890 869 2953 spernere
892 2872 974 2934 disce
996 2879 1073 2936 tuos.
1191 2843 1331 2882 ”⁰”‘¹‘¹¹¹²'‘¹·

335 2987 399 3049 Nec
421 2987 472 3049 tibi
494 2989 532 3049 sit
552 3005 655 3064 curae,
677 2988 703 3048 si
725 2989 927 3050 contemnaris
950 2989 986 3051 ab
1008 2989 1076 3066 illis,

417 3103 503 3177 Quos
525 3109 631 3184 captos
653 3102 755 3164 muudi
776 3103 851 3166 retia
871 3121 949 3166 vana
970 3109 1082 3166 tenent.

212 3219 301 3280 1775.
336 3217 368 3282 lu
392 3218 523 3281 claustro
536 3219 661 3301 capitur,
684 3237 773 3299 quern
785 3224 905 3300 torquet
916 3237 1001 3282 amor
1010 3220 1160 3298 vitiorum,

418 3333 494 3396 Nam
514 3334 615 3415 paries
637 3334 759 3396 claustri
780 3337 902 3416 pervius
925 3342 1022 3398 exstat
1043 3337 1094 3412 iis;

336 3451 507 3532 lrrumpuut
528 3467 625 3526 arces,
649 3450 819 3530 nullamque
841 3452 984 3512 resistere
1006 3469 1110 3533 posse,

419 3565 451 3630 Si
472 3565 567 3628 semel
589 3565 746 3645 insurgant
768 3565 904 3645 grandia,
926 3568 1002 3628 scite
1024 3585 1131 3631 seram.

336 3683 404 3745 Non
427 3680 548 3744 adamas
571 3681 669 3743 obstat
690 3681 778 3758 vitiis,
800 3697 863 3742 uon
885 3681 1003 3744 terreus
1026 3702 1131 3765 agger,

216 3797 302 3859 1780.
419 3797 487 3860 Non
500 3815 587 3878 aqua,
605 3813 667 3858 uon
684 3796 798 3874 lassae,
820 3797 875 3860 sed
887 3817 944 3860 uec
955 3799 1055 3880 iniqua
1067 3801 1162 3882 palus.

279 4159 311 4208 V.
332 4158 404 4210 1755.
424 4159 541 4220 probatis
559 4161 591 4218 L,
619 4161 744 4221 probatus
763 4161 795 4210 li.
829 4159 878 4208 Vt.
899 4157 961 4210 1763
974 4165 998 4210 et
1012 4159 1082 4210 llll.
1101 4159 1164 4224 Arg.

214 4227 292 4289 (tired
310 4227 384 4277 deest
400 4227 428 4277 in
446 4227 508 4276 lim.
543 4226 575 4276 V.
596 4226 668 4278 tiit.
686 4227 720 4276 iis
737 4228 770 4286 ll,
789 4226 828 4276 eis
845 4227 874 4275 L·
