2912 4976
678 466 868 579 ,¹⁰9-

213 687 248 728 ex
271 669 377 746 apstuli
399 671 520 745 scriptis,
543 671 664 745 inprimis
687 673 721 730 de
743 673 905 730 liabitndine
927 673 1114 732 doctrinarum
1136 675 1212 732 libro
1237 676 1327 748 primo

212 774 297 848 petita
317 775 381 846 siut,
404 775 431 831 in
451 773 535 832 dnbio
561 776 772 849 rdlnqncndum.
816 778 854 833 lta
869 777 944 834 Plato
966 777 1121 835 nominatur
1143 789 1325 854 symmystes,

212 878 287 951 qnod
313 879 474 936 uocabulum
504 879 622 952 Apuleio
649 887 678 938 et
704 881 871 952 llieronpmo
904 888 945 938 est
977 897 1128 940 commune.
1185 883 1327 940 scibilium

215 997 284 1038 vero
315 981 416 1041 diablo
442 989 471 1039 et
498 983 666 1054 cognitionis
692 984 823 1042 humanae
849 985 916 1040 lines
947 1001 1106 1058 quamquam
1134 987 1162 1040 in
1189 987 1267 1042 libris
1294 986 1329 1042 dc

213 1085 358 1159 Republica
380 1085 475 1160 quinto
501 1091 629 1143 etsexta
656 1089 802 1162 praecipue
827 1095 993 1161 tractantur,
1025 1094 1116 1146 umen
1138 1095 1238 1146 nostro
1260 1091 1327 1146 loen

214 1189 329 1248 breuius
356 1196 618 1262 commemorantur,
651 1206 730 1264 marn
762 1197 792 1248 ut
818 1193 920 1249 iontem
947 1193 1075 1266 prodant.
1124 1193 1201 1260 Quae
1229 1193 1328 1249 dende

214 1309 238 1350 u.
255 1285 388 1367 943sqq.
411 1292 446 1349 de
467 1292 579 1350 materia
601 1291 781 1368 disputantur,
803 1295 921 1353 clariora
943 1297 986 1353 uel
1009 1298 1096 1368 magis
1118 1295 1230 1354 dednita
1251 1305 1325 1368 sunt,

211 1412 292 1470 quam
321 1412 392 1470 quae
418 1397 478 1470 ipse
504 1395 580 1454 dedit
604 1396 681 1454 Plato
713 1398 756 1454 vel
784 1397 842 1454 eins
869 1398 1004 1472 interpres
1031 1417 1060 1472 p.
1091 1393 1150 1457 186
1176 1401 1222 1456 ed.
1250 1401 1325 1456 Paris

219 1493 306 1556 1563.
349 1500 390 1558 ite
411 1501 460 1558 Dei
481 1500 652 1574 aeternitate,
674 1501 762 1574 deque
783 1501 875 1559 mnndi
895 1503 973 1560 initio
996 1503 1055 1575 agit
1075 1503 1135 1576 lpse
1155 1504 1233 1561 Plato
1256 1506 1324 1561 Tim.

212 1619 240 1676 p.
263 1595 303 1661 37
325 1619 396 1676 sqq„
418 1604 549 1678 Apuleius
559 1605 600 1660 Ite
620 1604 709 1662 tiabit
731 1604 840 1663 doctrin
862 1607 881 1662 l.
903 1606 916 1662 l
937 1613 965 1663 et
975 1606 1131 1664 chalcidius
1142 1624 1170 1681 p.
1193 1603 1235 1666 77
1259 1616 1324 1681 eta,

210 1723 372 1780 quamquam
394 1706 569 1766 dubitandum
591 1714 642 1780 est,
664 1725 698 1766 an
718 1708 859 1766 iohannes
876 1711 940 1782 jure
962 1711 1053 1768 mundi
1069 1713 1215 1768 exordium
1232 1721 1324 1770 statn-

214 1812 269 1868 erit
290 1811 326 1868 ad
347 1816 462 1868 mentem
484 1811 613 1870 Platonis.
657 1813 732 1880 Quae
749 1813 805 1884 jam
827 1821 975 1887 sequuntur
1002 1815 1036 1871 de
1058 1817 1191 1889 temporis
1218 1824 1247 1872 et
1267 1818 1324 1874 loci

211 1931 272 1972 cum
302 1915 419 1973 numeris
446 1931 519 1972 nexu
546 1915 708 1974 obscuriora
741 1924 812 1975 sunt.
861 1917 914 1973 Ubi
945 1916 1062 1991 quinque
1093 1920 1145 1976 bae
1177 1920 1323 1978 notiones:

212 2035 352 2091 numerus,
374 2017 492 2092 pondus,
514 2034 649 2090 mensura,
676 2021 754 2078 loona
775 2029 804 2078 et
825 2027 930 2094 tempus
956 2039 971 2077 a
997 2022 1110 2078 Platone
1137 2023 1176 2079 ita
1202 2039 1324 2096 compo-

209 2129 326 2194 nantur,
359 2140 402 2179 me
423 2121 507 2194 fugit,
540 2138 701 2196 quamquam
721 2139 756 2179 ex
782 2125 841 2180 eius
863 2129 952 2180 mente
972 2125 1027 2181 boc
1052 2125 1151 2180 lactum
1178 2141 1241 2182 esse
1267 2143 1324 2183 nnn

209 2227 386 2300 negaverim,
417 2227 550 2298 siquidem
571 2226 634 2282 illae
661 2227 837 2298 molidene,
864 2244 934 2299 quae
960 2227 1012 2284 etsi
1039 2229 1158 2285 numeris
1184 2235 1323 2301 consum,

209 2337 298 2388 umen
309 2346 340 2388 se
352 2329 468 2388 invicem
474 2329 625 2386 commetiri
637 2345 692 2386 non
703 2338 818 2404 possunt
828 2331 945 2405 ideoque
956 2331 1164 2402 asymmelrivel
1174 2348 1231 2389 non
1242 2349 1322 2404 sym-

208 2435 288 2493 rnetri
314 2441 392 2506 sunt3
420 2433 498 2492 ideae
519 2433 605 2504 enim,
627 2449 698 2506 quae
718 2435 816 2490 endem
842 2434 932 2506 gradu
958 2436 993 2492 ab
1015 2435 1075 2491 idea
1102 2435 1249 2508 superiore
1276 2440 1321 2495 uel

208 2538 341 2597 ulteriore
362 2537 464 2596 distem
484 2553 514 2594 se
541 2535 656 2595 invicem
683 2537 837 2594 commetiri
858 2553 913 2594 non
940 2544 1069 2610 possunt,
1097 2539 1146 2594 sed
1173 2539 1209 2594 ad
1230 2557 1321 2612 genus

207 2642 411 2716 superpositum
433 2641 466 2698 iis
488 2655 631 2698 commune
651 2645 714 2696 sunt
735 2639 903 2696 referendae.
936 2641 1029 2713 ltaque
1045 2643 1151 2698 subdita
1167 2643 1320 2716 primorum

210 2761 343 2818 generum
365 2761 421 2802 non
443 2744 547 2816 magis,
573 2759 652 2816 quam
680 2741 807 2813 antigena
828 2744 873 2800 vel
893 2751 1042 2816 antegerio,
1070 2745 1087 2801 i.
1110 2762 1146 2817 e,
1171 2746 1320 2817 glossariis

207 2850 322 2908 vetustis
359 2847 609 2922 suppeditantibus,
647 2842 883 2926 cooperabimur
915 2849 959 2904 vel
997 2848 1055 2920 ipsa
1087 2850 1174 2921 prima
1213 2866 1319 2922 genera

207 2971 264 3012 non
289 2953 340 3010 sub
370 2952 483 3009 similem
505 2950 638 3008 rationem
660 2952 760 3009 cudunt
779 2952 799 3008 i.
822 2968 846 3009 e.
874 2951 926 3010 sibi
947 2959 1111 3024 asymmetra
1132 2961 1211 3026 sunt,
1237 2955 1319 3012 menti

81 3091 85 3100 -
207 3057 281 3132 apud
306 3056 482 3115 Aristotelem
511 3053 626 3126 legimns
658 3071 694 3111 ex
722 3056 841 3112 Platonis
868 3063 958 3113 mente
984 3057 1019 3112 dc
1044 3058 1166 3114 idearum
1197 3057 1318 3116 numeria

207 3153 244 3222 οὗ
266 3146 459 3242 συμβλητοὺς
479 3149 558 3217 εἶναι
578 3145 653 3228 τοὺς
673 3145 831 3235 ἀριθμοὺς
850 3145 930 3234 πρὸς
950 3148 1104 3233 ἀλλήλους
1110 3182 1122 3232 ,·
1143 3161 1178 3217 el.
1200 3163 1243 3219 Fr.
1263 3163 1315 3220 lu.

207 3265 447 3336 'lrendelenbnrgz
480 3262 600 3320 Platonis
627 3264 661 3320 de
682 3264 752 3320 ideis
774 3272 802 3321 el
822 3265 941 3322 numeris
962 3265 1087 3322 doctrina
1109 3282 1144 3322 ex
1166 3264 1318 3324 Aristotele

207 3370 351 3428 illustrata.
394 3369 467 3441 Lips.
493 3361 584 3440 1826,
605 3367 727 3440 inprimis
749 3383 777 3440 p.
798 3361 849 3424 lt.

290 3473 371 3542 Quod
391 3488 418 3529 v.
440 3465 501 3528 965
528 3487 586 3544 sqq.
609 3487 751 3527 causarum
778 3469 863 3526 series
885 3470 1004 3526 retertur
1025 3471 1060 3527 ad
1081 3487 1227 3544 numeros,
1258 3473 1315 3529 troc

205 3595 299 3636 rursus
311 3582 387 3634 recte
409 3575 561 3648 disputatur
572 3591 607 3631 ex
617 3574 735 3632 Platonis
747 3581 847 3646 mente,
869 3590 1027 3646 quamquam
1039 3573 1146 3631 ubinam
1156 3575 1212 3631 hnc
1223 3575 1308 3632 modo

206 3683 235 3742 in
256 3681 412 3740 uniuersum
435 3678 601 3735 declaratum
623 3677 673 3750 sit,
701 3694 755 3734 non
777 3677 893 3734 memini.
938 3677 1079 3735 Sufficiant
1105 3678 1191 3749 igitur
1217 3694 1314 3734 exem·

205 3788 250 3862 pla
278 3785 344 3844 lim.
376 3802 403 3858 p.
424 3777 465 3840 64
486 3782 521 3854 A,
548 3776 588 3840 65
615 3782 645 3854 Β,
673 3775 715 3838 68
741 3781 772 3838 Ε.
824 3781 864 3837 ct.
893 3780 1014 3838 ctaleid.
1047 3798 1074 3853 p.
1108 3775 1145 3838 31
1181 3788 1210 3836 et
1245 3774 1312 3838 169.

205 3890 301 3962 ltaque
323 3888 465 3945 confertur
486 3901 629 3942 causarum
651 3886 737 3941 series
758 3884 860 3941 inlmita
887 3901 947 3942 cum
975 3901 1148 3944 numerorum
1175 3885 1312 3942 immensi-

206 3997 270 4050 tate.
312 3993 353 4048 lte
374 3988 542 4060 differentia,
565 4004 636 4061 qnae
657 3988 782 4045 obtineat
803 3987 932 4045 interltci
955 3994 984 4042 et
1004 3988 1141 4044 bominum
1168 3988 1313 4060 cognitio-

205 4111 276 4169 nem,
305 4110 361 4152 non
382 4101 436 4160 est.
457 4091 533 4166 quod
543 4091 587 4148 bic
609 4091 758 4164 disputem-3
781 4092 815 4149 cl.
838 4109 958 4165 suprav.
980 4084 1052 4163 937,
1074 4092 1143 4149 inlra
1170 4109 1197 4148 v.
1223 4084 1311 4148 1093.

203 4199 244 4258 ne
265 4197 416 4258 animorum
438 4194 579 4255 creatione
600 4194 658 4268 agit
668 4195 744 4254 Plato
762 4195 828 4252 Tim.
851 4213 877 4269 p.
900 4189 950 4268 69,
972 4211 1008 4267 c.‚
1031 4211 1089 4268 sqq.
1112 4199 1144 4274 el¹
1158 4194 1312 4253 chalcidius
