2912 4976
645 460 847 574 *Q

190 665 261 730 (itio.
285 665 362 722 Tuse.
385 683 410 723 r.
434 659 464 736 3,
493 664 562 722 aas
584 659 614 736 4,
640 661 707 736 40),
734 684 758 722 ι.
782 660 843 723 747
865 672 894 722 et
915 657 977 724 748
1005 666 1193 738 significatur,
1224 667 1305 739 quod

190 769 330 842 quomodo
352 769 387 828 ad
408 769 561 826 doctrinam
583 769 617 826 de
639 770 716 826 sonis
738 771 884 842 pertineat,
906 769 977 826 haud
998 770 1123 826 dixerim.
1169 772 1209 826 ita
1236 771 1306 843 qni-

188 871 248 928 riem
271 889 377 930 versum
400 868 462 930 748
483 872 669 930 intellexeram
691 879 720 930 et
740 872 906 946 interposui,
929 874 978 930 sed
1000 874 1114 930 eundem
1137 881 1305 946 corruptum

189 976 279 1033 hahni.
322 975 462 1034 tierhstiue
483 993 551 1034 vero
573 993 649 1034 mens
670 983 699 1034 et
725 977 862 1049 Gymnasii
890 978 1013 1033 alumnus
1035 978 1173 1048 Bernsys,
1202 978 1246 1033 eui
1274 984 1307 1032 et

189 1079 240 1153 ipsi
251 1080 375 1154 pinguiae
390 1079 571 1152 corrigendas
586 1079 725 1151 dederam,
746 1087 821 1136 reete
834 1087 1007 1151 monuerunt,
1029 1096 1135 1137 oomma
1153 1098 1209 1137 nnn
1226 1088 1302 1150 ante,

189 1185 238 1241 sed
249 1190 315 1258 post
326 1191 441 1258 poetam
452 1185 608 1257 ponendum
624 1199 697 1256 esso,
708 1190 737 1240 nt
747 1201 842 1240 sensns
854 1185 884 1240 ht
894 1184 955 1241 hie:
978 1184 1150 1256 Pythagoras
1163 1201 1220 1241 non
1231 1186 1303 1255 vult,

189 1287 381 1360 philosophum
403 1303 464 1343 esse
474 1293 584 1360 poetam
602 1287 621 1343 i.
634 1303 658 1344 e.
680 1302 697 1343 a
715 1289 831 1344 veritate
847 1287 998 1344 discedere.
1026 1288 1132 1345 Novum
1148 1289 1231 1344 etiarn
1248 1296 1302 1359 est,

189 1397 245 1448 tres
270 1397 372 1448 matam
399 1406 461 1448 esse
488 1407 573 1448 sonas
601 1390 748 1447 seeundum
769 1392 954 1463 Pythagoram
980 1397 1008 1447 et
1034 1391 1068 1449 ad
1100 1392 1217 1447 mediam
1246 1409 1301 1449 uo-

187 1511 248 1552 uam
269 1495 366 1552 reterri
382 1499 557 1568 praeseptum
573 1494 650 1566 thud,
667 1501 697 1552 ut
713 1495 829 1550 medium
845 1501 937 1551 teneat
947 1495 1045 1553 honus.
1068 1496 1189 1552 Tertium
1201 1512 1300 1552 nume-

189 1615 247 1656 rum
260 1599 440 1671 Pythagoreis
456 1599 566 1655 muitum
583 1600 713 1671 votuisse,
735 1599 806 1656 inter
831 1613 925 1656 omnes
946 1605 1064 1656 eonstat.
1098 1599 1139 1656 Gi.
1157 1600 1243 1658 Arist
1264 1601 1300 1656 de

190 1703 277 1760 Coelo
299 1703 321 1774 1,
344 1719 368 1760 o.
395 1696 420 1760 l.
446 1733 482 1744 -
510 1702 591 1769 Quod
613 1702 724 1776 spiritns
745 1702 790 1760 vet
812 1701 959 1758 daemones
981 1717 1101 1774 eorpora
1124 1702 1209 1760 densa
1231 1720 1299 1775 per-

189 1821 293 1876 meare,
320 1805 355 1862 ah
383 1805 481 1877 algore
507 1809 535 1860 et
562 1811 639 1862 aestu
661 1821 716 1862 non
738 1805 809 1862 athei
830 1804 973 1875 dicuntur,
1004 1812 1102 1878 posset
1129 1806 1164 1861 ad
1191 1805 1299 1863 felicem

188 1925 283 1968 eorum
305 1910 348 1966 vei
360 1909 514 1982 primarium
525 1913 624 1964 statum
645 1909 799 1982 pertinere,
822 1925 982 1981 quamquam
993 1909 1031 1965 ita
1043 1909 1200 1981 singulare,
1223 1911 1299 1983 quod

188 2015 214 2070 in
243 2013 343 2070 mundo
364 2014 503 2072 suhiunari
524 2021 684 2086 versantur,
711 2015 762 2072 nisi
789 2015 861 2072 forte
888 2010 949 2072 755
976 2015 1095 2071 obseura
1123 2016 1169 2072 iiia
1197 2017 1298 2073 verha:

188 2117 241 2174 ssd
267 2118 338 2174 iilos
359 2119 441 2176 Neue
468 2119 580 2176 cohibet
609 2119 705 2190 major
726 2119 879 2192 [spiritm]
900 2117 1088 2174 arbitriumve
1108 2117 1173 2189 Dei,
1208 2120 1299 2191 signi-

188 2223 284 2277 hoant:
305 2237 393 2294 posse
414 2221 521 2294 quidem
543 2237 685 2294 permeare
707 2237 758 2293 per
779 2237 901 2294 corpora
924 2221 1045 2294 spiritns,
1068 2223 1115 2278 sed
1134 2223 1299 2279 nonfacere

193 2325 312 2396 ideoque
327 2325 361 2380 ah
378 2325 410 2381 iis
427 2325 554 2382 exeiusos
565 2341 635 2382 esse.
664 2324 718 2382 Sed
735 2340 855 2396 corpora
873 2324 967 2396 pervia
986 2341 1047 2380 esse
1063 2325 1214 2397 spiritibus,
1232 2343 1293 2382 oum

193 2429 365 2500 Pythagoras
391 2429 518 2485 docuisse
539 2429 645 2484 dieatur
673 2445 698 2484 v.
728 2423 805 2500 755,
827 2429 882 2484 hoo
909 2427 1001 2499 potius
1032 2428 1066 2484 sd
1087 2428 1240 2486 doctrinam
1263 2431 1299 2485 de

192 2533 279 2589 anima
292 2531 382 2588 mundi
393 2533 436 2588 vei
447 2533 482 2588 de
493 2532 670 2588 daemonibus
682 2535 709 2587 in
727 2537 791 2588 aere
802 2532 965 2602 vagantibus
982 2532 1161 2588 referendum.
1185 2534 1227 2589 Gi.
1241 2534 1296 2589 Gie.

192 2637 223 2694 N.
234 2637 267 2693 Ι).
278 2637 299 2707 l,
316 2628 363 2707 11,
375 2631 426 2708 27,
445 2635 514 2693 Cato
528 2637 589 2708 hiaj.
607 2629 659 2707 21,
675 2630 725 2692 78.
758 2635 926 2707 etoquia,
943 2629 994 2690 32.
1023 2635 1162 2707 Originem
1180 2638 1297 2710 denique

193 2739 313 2799 recreari
335 2741 378 2797 rei
400 2756 482 2796 aurea
504 2742 577 2797 seoia
599 2739 712 2812 reverti,
733 2740 809 2812 quod
830 2740 923 2811 seiam,
945 2740 1135 2811 Empedocles,
1162 2758 1217 2796 non
1240 2743 1297 2812 Py-

192 2845 324 2916 thagoras
345 2843 472 2900 doouisse
494 2844 579 2916 vulgo
602 2842 726 2914 traditum
749 2859 908 2916 quamquam
931 2844 985 2898 hoe
1002 2842 1296 2915 etiamPythugoreum

193 2964 254 3004 osse
275 2947 445 3018 agnoscitur,
467 2955 506 3019 ut,
528 2947 551 3002 si
573 2962 628 3003 non
650 2945 760 3002 omnino
783 2962 890 3018 purum,
913 2951 1001 3001 tamen
1016 2945 1107 3002 vivum
1129 2946 1296 3019 antiquitatis

192 3053 295 3108 iontem
315 3052 434 3110 iohanni
460 3066 582 3107 manasse
608 3049 765 3122 suspiceris.
813 3050 946 3106 Malorum
973 3048 1110 3105 hominnm
1137 3051 1242 3107 animos
1270 3052 1295 3107 iu

193 3156 293 3212 hostias
315 3155 434 3227 migrare
445 3171 479 3210 ex
495 3155 732 3225 Pythagoreorum
754 3153 886 3208 sententis
908 3152 978 3208 inter
1000 3154 1099 3209 multos
1122 3154 1190 3210 aiios
1213 3155 1297 3210 docet

193 3262 256 3316 Seu.
279 3260 328 3332 Ep.
354 3253 421 3316 108.
464 3257 606 3316 Hominum
628 3256 732 3312 animos
754 3256 920 3327 corporibus
942 3272 1055 3312 eareero
1082 3274 1143 3312 esse
1165 3257 1296 3328 inclusos,

194 3380 228 3419 ox
250 3363 502 3434 Pythagoraeorum
525 3359 658 3416 sententia
680 3359 772 3431 plnres
794 3359 910 3414 tradunt.
955 3359 995 3414 Gi.
1011 3360 1131 3416 Boeohh.
1154 3355 1296 3418 Philoiaos

193 3485 220 3540 p.
251 3461 317 3523 178.
371 3466 496 3522 Ceterum
527 3465 629 3520 animus
659 3463 789 3518 humanus
820 3463 961 3534 quomodo
989 3461 1023 3518 ad
1056 3464 1180 3521 animalia
1213 3472 1296 3521 natu-

193 3587 303 3643 ramque
326 3569 497 3626 inanimatam
520 3584 554 3623 ex
577 3567 751 3638 Pythagorae
772 3565 903 3621 sententia
936 3565 1080 3638 pertineat,
1104 3568 1201 3624 deinde
1222 3585 1296 3641 quo-

194 3674 276 3732 modo
299 3674 333 3730 ad
354 3674 439 3730 Deum
462 3674 591 3730 Socrates
614 3687 674 3726 oum
701 3668 839 3740 retulerit,
871 3675 1015 3741 postquam
1038 3670 1146 3742 docuit,
1180 3672 1296 3728 horam-

194 3793 247 3851 que
269 3776 412 3849 opiniones
435 3775 577 3845 reiutauit,
609 3774 636 3831 in
658 3773 846 3842 hnuxogorae
872 3771 997 3828 doetrims
1029 3774 1197 3831 recensenda
1219 3792 1295 3832 suam

193 3881 278 3956 ipsius
314 3880 429 3952 exponit
466 3878 635 3936 sententiam.
689 3876 783 3934 Fusius
821 3881 953 3932 tractatur
985 3877 1159 3950 Pythagorae
1198 3895 1242 3934 ros
1267 3878 1295 3934 in

193 3985 291 4043 Poiier.
313 3982 374 4053 Vll,
396 3977 430 4055 4,
464 3983 511 4040 uhi
537 3982 632 4050 etiam,
666 3986 695 4036 ut
724 3979 824 4050 vulgo,
858 3978 997 4052 Crotone,
1031 3998 1101 4053 non,
1135 3988 1165 4039 ut
1195 3981 1240 4038 hio
1266 3999 1292 4037 v.

194 4082 270 4159 741,
303 4086 413 4144 Tarenti
438 4103 529 4144 mores
557 4083 713 4140 emendasse
735 4081 842 4140 dieitur.
